3084 5017
635 454 683 516 M.
711 455 753 516 A.
781 452 964 518 PLAUTI

311 633 449 725 Datum
475 651 666 751 denegant,
692 652 786 750 quod
812 653 935 728 datum
963 662 1037 738 θεῖς
1064 650 1172 725 litum
1198 647 1308 747 pleni,

313 772 487 873 Rapaces,
512 778 580 850 viri
605 777 838 865 fraudulenti,

313 901 387 989 Qui
411 914 476 976 aut
497 900 628 977 foenore
655 916 718 978 aut
739 904 904 1002 perJuriis
928 902 1062 977 habent
1086 926 1161 975 rem
1187 909 1350 997 partam3

313 1025 424 1102 Mens
448 1029 563 1101 estin
587 1028 749 1123 querelis.

312 1150 414 1225 Jur-is
436 1153 498 1226 ubi
521 1151 653 1226 dicitur
677 1153 775 1240 dies3
803 1152 909 1225 simul
934 1150 1094 1249 patronis
1119 1148 1275 1222 dicitin:
1345 1156 1406 1210 48⁵

313 1271 455 1372 Quippe
481 1276 543 1371 qui
568 1300 631 1372 pro
654 1275 728 1348 illis
752 1276 954 1373 loquantur,
981 1300 1059 1372 quae
1084 1272 1179 1347 male
1205 1268 1369 1343 fecerint.

313 1398 404 1473 Anu
419 1399 464 1474 ad
485 1400 668 1498 populum,
688 1412 753 1475 aut
768 1404 903 1497 injure
923 1426 979 1475 res
996 1412 1060 1488 est,
1086 1410 1150 1473 aut
1168 1397 1216 1471 ad
1227 1394 1407 1493 jndicem.

313 1522 417 1597 Sicut
433 1549 491 1597 me
507 1524 613 1599 hodie
629 1526 737 1598 nimis
759 1506 951 1600 sollicitum
969 1525 1079 1599 cliens
1097 1522 1246 1621 quidam
1263 1518 1408 1601 habuit,

312 1648 454 1746 Neque,
479 1650 573 1747 quod
596 1650 703 1736 volui,
729 1676 833 1749 agere
858 1652 1053 1748 quidquam
1078 1650 1223 1723 licitum
1249 1656 1325 1721 est:
1352 1644 1410 1718 ita

461 1800 519 1849 me
543 1774 712 1849 adtinuit.
740 1778 812 1873 [ita
837 1772 1029 1866 detinuit]
1349 1784 1410 1845 489

314 1898 425 1997 Apud
446 1897 586 1983 audilis,
611 1899 744 1996 proeliis
766 1900 871 1974 factis
891 1900 1126 1997 plurimisque
1148 1895 1410 1994 pessumisque,

273 2072 295 2104 v.
309 2058 361 2105 481.
381 2057 473 2105 Bacch.
488 2057 553 2107 Teu.
589 2060 641 2107 482.
656 2058 749 2108 Bacch.
765 2059 840 2108 Trim.
874 2060 925 2107 483.
942 2060 1020 2108 Ismb.
1034 2058 1109 2107 Trim.
1129 2058 1264 2116 Hyparcai.
1286 2054 1317 2102 Β.
1340 2052 1411 2116 [Nisi

215 2130 499 2180 mcdussdBacchiaeus
510 2132 645 2181 merendus
654 2132 706 2194 siu]
737 2136 791 2183 484.
806 2133 897 2183 Bacch.
908 2133 974 2181 Dim.
1003 2135 1057 2182 485.
1073 2132 1228 2181 Iamb.Tetr.
1258 2130 1314 2179 406.
1329 2129 1411 2177 Iamb-

215 2205 291 2253 Trim.
307 2205 406 2267 Quippe,
420 2205 464 2254 ult.
478 2205 546 2254 litam
559 2206 628 2261 elisa,
643 2206 762 2267 (Quipp‘)
778 2206 945 2266 pronuntiand.
962 2208 994 2254 Β.
1027 2208 1081 2261 487,
1097 2207 1151 2254 488.
1167 2204 1258 2255 Truch.
1271 2202 1339 2253 Tetr.
1354 2202 1412 2251 Cat.

217 2280 342 2341 Populum,
361 2295 409 2329 uun
427 2279 545 2339 liquescit.
572 2282 624 2329 488.
640 2281 705 2329 Mad.
721 2281 804 2330 Nimi’.
821 2283 929 2338 Quidum,
951 2298 999 2330 nun
1015 2282 1134 2341 liquescit.
1163 2282 1218 2329 489.
1235 2280 1275 2328 Itu
1296 2281 1412 2335 detinuit,

217 2356 275 2413 (pru
288 2349 394 2413 glossam.
406 2355 431 2403 iu
443 2372 537 2405 sensum
549 2357 716 2407 inusitatiorem
729 2362 777 2405 τοῦ
790 2360 917 2415 eduinum)
932 2359 1025 2408 uncinis
1041 2359 1143 2419 inclusi;
1160 2368 1188 2406 ut
1200 2358 1232 2406 sit
1246 2373 1331 2406 semus
1345 2356 1411 2405 idem

216 2447 272 2479 cum
286 2432 406 2492 pruccdd.
420 2432 509 2481 Troeh.
524 2434 587 2481 Tetr.
602 2432 657 2481 Cat.
676 2434 751 2489 Volui,
774 2444 798 2483 ct
812 2451 853 2491 me,
869 2436 1041 2483 α’νεκθλίπτωε
1056 2434 1244 2493 pronuntianda.
1285 2434 1342 2488 480,
1358 2433 1413 2482 491.

216 2504 303 2553 Tiuch.
319 2506 387 2553 Tetr.
403 2506 502 2563 Proeliis,
517 2507 607 2565 dissyll.

258 2639 323 2691 481.
363 2632 460 2691 Litum
470 2633 580 2713 pleni]
602 2634 643 2691 H.
654 2654 679 2691 e.
704 2635 781 2693 Liti-
832 2640 986 2714 cuptum;)
1012 2647 1043 2695 et
1065 2636 1199 2715 denique
1226 2634 1412 2703 interillos,

218 2729 304 2807 giesi,
323 2728 421 2789 litium
433 2742 579 2790 amantes:
601 2730 740 2808 φιλόδικοι.
832 2730 942 2807 quibus
968 2750 1016 2790 res
1042 2743 1089 2791 est
1115 2731 1147 2789 ia
1166 2734 1253 2812 jure,
1284 2731 1413 2809 (nempe

258 2865 324 2917 484ὤ
374 2857 461 2916 Men,
493 2868 534 2917 αἱ
568 2859 598 2916 in
632 2859 780 2939 querelis]
831 2824 911 2901 apud
933 2824 1099 2884 Praetorem
1119 2826 1247 2905 ipsum.)
1291 2824 1412 2894 Cicero,

218 2953 325 3031 ‘They
357 2974 407 3013 are
439 2955 549 3033 always
580 2956 717 3033 engaged
749 2957 781 3013 in

219 3067 301 3107 „ome
326 3047 403 3106 suit:
445 3049 608 3126 Nunquam
635 3050 719 3109 deest
744 3051 781 3108 fis
830 3014 910 3074 hunc
937 3017 1042 3075 statuit
1068 3038 1133 3075 esse
1160 3026 1323 3086 oratorem,
1357 3016 1414 3093 qui

219 3140 364 3216 querendi
384 3152 414 3199 et
431 3141 568 3217 litigandi
587 3161 683 3202 causa
830 3110 1038 3218 tantummodo
1046 3110 1077 3169 iu
1078 3113 1164 3191 jure,
1180 3124 1234 3170 aut
1244 3110 1276 3169 in
1279 3108 1414 3190 judiciis

259 3264 325 3324 486.
366 3266 427 3325 Pro
440 3265 499 3325 illis
511 3266 636 3346 dicans]
666 3268 779 3338 Graece,
829 3215 941 3358 ξὲἱῗῖίι
954 3206 1108 3356 tiitjgpmi
1126 3206 1281 3323 wiffflum’
1303 3215 1359 3359 ³G⁰t
1380 3224 1414 3354 ”l

219 3360 457 3439 Ἀπολογὶζεσθαι
478 3360 555 3437 ὑπέρ·
595 3361 703 3419 GRAEv.
831 3388 908 3446 Lm·
924 3318 1024 3449 plag.
1039 3320 1076 3470 ζ
1084 3320 1175 3454 2331!
1335 3318 1404 3359 Bou

258 3510 305 3584 ’ᾗ
337 3478 410 3543 Quoe
429 3479 503 3582 {Mle
511 3477 670 3582 smmj]
695 3478 779 3582 uie.
868 3510 934 3572 489.
983 3504 1150 3587 Actiacis]
1207 3506 1316 3567 ‘Held
1363 3528 1414 3565 me

221 3570 270 3629 De
282 3590 320 3629 as
330 3580 467 3649 peccatu,
487 3589 554 3646 quse
566 3569 746 3627 admiserint.
831 3595 906 3653 close
939 3609 971 3655 to
998 3598 1081 3657 him..
1124 3601 1173 3659 Ad
1205 3601 1289 3661 latus
1321 3621 1413 3659 suum

261 3706 326 3766 487.
367 3698 414 3756 Au
429 3696 574 3777 populata,
597 3696 673 3773 etc]
712 3697 780 3754 Dis-
830 3693 938 3750 arctius
964 3694 1064 3752 tenuit.
1107 3698 1187 3771 (Qui
1216 3717 1288 3756 cum
1316 3696 1414 3755 rarior

219 3792 334 3869 tinguit
353 3794 432 3851 inter
454 3812 513 3860 eos,
537 3791 646 3869 quibus
667 3809 713 3847 res
737 3803 782 3855 est
831 3784 868 3842 sit
889 3786 978 3865 hujus
999 3792 1082 3849 vocis
1103 3811 1220 3862 sensus,
1246 3792 1413 3852 verisimile

221 3886 262 3943 ud
275 3888 421 3966 pupulum,
446 3886 542 3964 (quod
559 3886 593 3944 fit
612 3888 644 3943 iu
660 3886 781 3964 judiciis
829 3890 874 3937 est
900 3885 938 3937 w*
968 3883 1103 3955 detinuit,
1138 3888 1250 3965 glossae
1282 3888 1362 3957 loco,
1396 3908 1414 3945 a

223 3978 359 4053 publicis,
386 3990 417 4037 et
442 3978 567 4037 comitiis
588 3977 692 4055 populi
699 3979 725 4053 3)
752 3989 783 4035 et
829 3970 956 4033 librariis
977 3978 1133 4056 subjungi.
1177 3980 1249 4038 Vid.
1271 3981 1305 4039 in
1328 3982 1412 4039 Nutu

223 4071 300 4130 inter
317 4094 376 4143 eos,
397 4074 506 4152 quibus
521 4094 569 4132 res
585 4084 631 4132 est
648 4074 688 4131 ad
696 4072 781 4150 judi-
832 4063 930 4144 Critt.)

224 4185 293 4235 cem,
314 4168 434 4247 (nempe
456 4171 504 4228 vel
521 4173 558 4228 ab
576 4170 633 4227 alio
653 4170 781 4228 Prastcre
868 4184 935 4245 490.
974 4178 1095 4239 Proelic's·
1104 4182 1236 4265 sactis]
1280 4186 1413 4263 Interpt.

224 4281 260 4320 ex
277 4262 343 4321 albo
363 4265 473 4331 datum,
495 4266 541 4323 vel
562 4286 578 4321 a
596 4264 781 4341 litigantibus
830 4266 919 4345 Angl.
964 4272 1076 4333 ‘When
1100 4277 1115 4333 1
1138 4278 1200 4336 had
1225 4281 1348 4341 battled
1368 4281 1413 4337 for

831 2918 878 2976 De
904 2919 1100 2979 Oracl.x1.
1143 2920 1258 2978 “Nam
1287 2919 1314 2977 si
1341 2918 1414 2996 quis
1529 2946 1530 2951 ¹
