3084 5017
264 469 330 534 126
668 475 980 544 GLOSSARIUM

334 675 363 736 9·
403 658 624 758 conpediti]
661 669 822 736 Fettered.
848 682 870 740 i.
883 704 933 761 qu.
957 687 1136 766 compedibus
1159 689 1255 749 uincti.
1284 692 1399 771 captiv.

255 795 323 854 878.
363 796 383 824 “
391 788 430 846 In
448 789 623 868 lapicidinas
650 794 829 872 compeditum
848 799 995 860 condidi.'’
1044 803 1164 867 Peteon.
1186 808 1246 867 Sat.
1268 810 1340 887 Cap.
1354 819 1401 881 39.

256 909 276 934 “
284 899 440 971 Mulieres,
459 912 491 962 et
509 903 640 982 fugitivi,
661 916 692 965 et
711 910 888 988 compediti?

314 1171 363 1185 —-
401 1129 560 1223 Anum]
606 1140 676 1204 The
691 1142 778 1224 ring.
800 1152 895 1222 Anus,
914 1156 1079 1231 velamus,
1096 1160 1190 1240 (unde
1202 1163 1345 1244 annulus)
1356 1175 1401 1224 cst

254 1260 391 1332 circulus,
412 1271 488 1322 teste
505 1262 589 1322 Varr.
608 1265 675 1324 Lib.
690 1264 729 1324 V.
747 1266 784 1324 L.
792 1266 828 1326 L.
847 1271 919 1348 Cap.
932 1281 961 1332 2.
990 1274 1079 1338 Unde
1091 1298 1201 1340 nomen
1213 1281 1344 1340 inditum
1356 1292 1403 1342 est

254 1392 351 1431 annuo
373 1373 469 1452 spatio
493 1394 549 1452 per
570 1375 652 1451 quod
674 1376 727 1434 Sol
748 1397 870 1438 curcum
894 1402 982 1444 suum
1005 1390 1115 1467 explet,
1133 1403 1162 1450 et
1184 1392 1217 1450 in
1242 1414 1296 1452 sua
1322 1394 1401 1453 redit

254 1483 387 1561 vestigia.
427 1484 469 1541 H.
492 1483 512 1544 l.
530 1485 679 1562 significat
690 1484 826 1563 ferrem
849 1491 997 1568 circulum,
1022 1519 1151 1577 quorum
1176 1504 1264 1564 binos
1289 1505 1402 1564 habent

255 1595 380 1673 singulae
394 1595 561 1674 compedes,
582 1596 658 1655 etin
671 1618 746 1675 quos
760 1619 847 1660 crura
859 1603 1041 1667 inseruntur.
1063 1612 1170 1672 Sum:
1191 1615 1275 1694 apud
1288 1617 1400 1677 Gnon:

253 1708 394 1766 ''Anatus
414 1708 571 1788 exponitur
593 1708 823 1794 Baanwpo‘poc,
842 1719 1044 1794 cupwotaodeic,
1065 1723 1098 1782 in
1120 1725 1234 1786 Glossis
1254 1728 1356 1788 Vett“

313 1908 359 1958 10·
398 1890 572 1984 Glavom.]
621 1899 795 1964 Therivet.
836 1904 899 1977 Qui
924 1907 1078 1966 vinculum
1102 1907 1254 1986 compedis
1279 1907 1402 1984 utrique

252 2021 363 2080 annulo
378 2031 458 2081 arcte
476 2021 603 2099 colligat.
631 2022 717 2081 Asin.
730 2031 793 2084 140.
831 2026 953 2085 “Fixus
969 2026 1020 2084 hic
1031 2025 1114 2105 apud
1130 2046 1185 2084 nos
1198 2024 1316 2084 animus
1333 2034 1402 2082 tuos

252 2242 382 2321 quadam
394 2241 474 2301 unde
488 2242 619 2319 effugere
632 2256 769 2324 nequeat
808 2248 956 2308 Caeterum
969 2249 1069 2308 clavus
1081 2271 1099 2308 a
1111 2247 1214 2307 claudo
1227 2247 1389 2307 derivatur.

313 2478 358 2529 12.
398 2463 521 2552 Esca]
561 2467 672 2541 Meni,
695 2471 846 2534 victuale·
878 2480 931 2540 Ab
946 2482 1019 2546 σάος
1042 2491 1078 2540 ut
1090 2479 1170 2560 potio
1184 2501 1202 2539 a
1216 2479 1353 2559 potanda

312 2677 357 2729 13.
397 2627 597 2752 Rostrum]
638 2667 768 2730 Mouth.
800 2661 955 2723 Translate
976 2685 1033 2743 pro
1055 2685 1103 2723 ore
1121 2663 1262 2742 positum.
1304 2664 1358 2721 Est
1378 2683 1397 2719 a

252 2791 319 2850 rodo
322 2810 337 2856 ,·
352 2799 387 2850 ut
399 2790 557 2850 claustrum
570 2788 601 2868 (c
614 2788 748 2869 claudo);
762 2795 891 2848 rastrum
904 2782 1041 2863 (arado).
1064 2779 1209 2840 ”Dicitur
1222 2799 1283 2837 non
1296 2779 1396 2838 avium

251 2903 355 2972 solum,
375 2902 427 2961 sed
444 2901 532 2960 etiam
549 2899 678 2978 piscium
695 2909 726 2958 ct
747 2896 993 2976 quadrupedum:
1003 2902 1023 2929 “
1042 2892 1153 2950 Lnun:
1172 2891 1226 2968 qui
1243 2889 1315 2949 citat
1330 2889 1394 2947 No-

249 3014 343 3082 nium,
364 3013 418 3072 ubi
439 3012 527 3091 plura
546 3011 683 3090 exempla
701 3011 794 3090 hujus
812 3009 895 3068 vocis
913 3007 946 3064 in
965 3026 998 3064 os
1017 3002 1138 3063 hominis
1156 3002 1313 3061 translatae.

306 3249 356 3262 -·
393 3207 573 3306 Deliges.]
598 3213 667 3277 Pin
678 3213 792 3286 dotum
803 3215 931 3298 factem·
952 3217 1000 3276 De
1009 3226 1040 3276 et
1049 3215 1116 3295 ligo.
1127 3216 1215 3274 Curc.
1225 3212 1294 3274 682.
1308 3211 1392 3269 “De·

246 3339 369 3420 ligatum
386 3347 416 3398 te
429 3337 518 3398 hodie
531 3338 638 3397 faciam
652 3359 721 3398 cum
734 3337 840 3397 catello
854 3346 890 3394 ut
901 3335 1058 3394 adcubes.”
1078 3331 1142 3412 (alii
1160 3327 1336 3408 delicatum.)

309 3563 355 3616 14.
396 3544 520 3638 Edit]
570 3557 652 3618 Vett
665 3579 722 3636 pro
738 3559 813 3616 edat.
844 3556 919 3615 Hor.
935 3556 995 3615 Sat
1008 3553 1051 3612 11.
1065 3571 1139 3612 v111.
1151 3559 1199 3620 90.
1228 3548 1390 3622 “Qucmsi

247 3699 318 3740 cum
333 3675 445 3736 lumbis
462 3674 529 3752 quis
547 3674 629 3736 edit?
664 3675 763 3755 Epod.
774 3673 835 3734 111.
845 3682 873 3734 3.
918 3671 1014 3731 “Edit
1035 3671 1140 3732 cicutis
1160 3669 1263 3729 allium
1284 3673 1389 3729 no'cen·
1418 3743 1421 3747 Ἰ

246 3793 334 3852 tius.”
387 3788 485 3847 Plaut.
499 3786 586 3866 Capt.
600 3795 666 3857 391.
700 3787 820 3866 “Ipsus
841 3786 908 3856 sibi,
930 3783 1013 3864 quod
1031 3783 1098 3852 edit,
1117 3781 1252 3860 quaerit”
1274 3777 1388 3840 Poenul.

247 3901 314 3964 406.
334 3897 464 3968 Edimus,
484 3918 540 3976 pro
561 3898 691 3958 edamus.
732 3899 774 3956 Et
793 3898 914 3976 quidem
933 3895 1044 3975 passim
1063 3894 1144 3973 apud
1164 3894 1320 3953 Nostrum.

306 4141 352 4194 1⁵.
391 4123 465 4198 Suo
476 4118 681 4213 arbitratu]
721 4119 1085 4205 Atnnownpnasure.
1102 4126 1287 4186 numnam
1308 4127 1387 4185 nfra

248 4264 314 4318 843.
325 4255 396 4314 Aul.
406 4261 473 4325 598.
488 4253 522 4310 E.
532 4250 703 4328 “Agedum,
715 4247 893 4308 excutedum
902 4247 1034 4326 pallium.
1043 4291 1049 4304 .
1059 4291 1084 4304 ..
1101 4244 1131 4304 S.
1145 4245 1208 4304 Tuo
1217 4245 1385 4304 arbitratu?⁸

249 4364 338 4445 Epid.
353 4363 418 4428 673.
433 4359 467 4419 P.
483 4360 600 4418 “Tuou'
623 4357 794 4416 arbitratu?
827 4358 882 4415 En.
900 4356 972 4414 Meo
987 4356 1096 4427 hercle,
1112 4365 1202 4434 atque
1218 4356 1298 4415 haud
1311 4357 1385 4415 tun*
