3084 5017
531 454 858 520 MENAECHMEI.
1250 458 1293 521 45

204 656 278 732 Sed
293 681 358 756 ego
370 656 532 741 inscitus,
550 655 613 751 qui
628 652 773 727 domino
789 678 848 727 me
864 652 1042 750 postulem
1059 654 1294 729 moderarier:

204 783 313 857 Dicto
338 807 395 854 me
421 782 509 855 emit
535 779 752 862 audientem,
778 777 876 852 haud
901 780 1161 876 imperatorem,
1188 779 1267 852 sibi.

205 906 428 1005 Sequiminit
448 916 502 991 nt,
519 903 615 1002 quod
629 904 847 1001 imperatum
864 914 929 990 est,
947 905 1087 978 veniam
1105 905 1293 979 advorsum

353 1031 514 1127 temperi.
1237 1043 1296 1096 aco
1363 1066 1365 1071 ,

434 1563 555 1639 ACT.
585 1564 664 1637 ΙΙΙ.
729 1562 910 1640 SCENA
938 1565 969 1639 Ι.

598 1808 809 1858 Punrcuuus.

209 1967 301 2041 Plus
325 1968 478 2066 triginta
501 1978 607 2041 natus
633 1969 735 2040 annis
761 1994 852 2054 sum,
878 1993 985 2065 quom
1009 1970 1147 2079 ipterea
1170 1971 1238 2045 loci

208 2091 408 2189 Nunquam
422 2092 616 2189 quidquam
629 2090 766 2166 facinus
779 2090 847 2165 feci
858 2096 960 2192 pejus
973 2070 1296 2191 neque-'scelestius

211 2220 334 2307 Quam
354 2217 472 2304 hodie,
493 2243 600 2314 quom
619 2220 657 2291 in
677 2220 880 2293 concionem
900 2220 1056 2294 mediam
1074 2247 1132 2296 me
1153 2222 1298 2295 inmersi

361 2344 480 2429 miser,

211 2476 292 2550 Ubi
309 2501 375 2573 ego
391 2474 478 2548 dum
493 2473 604 2576 hieto,
633 2434 878 2549 Menaechmus
898 2502 934 2549 se
952 2474 1180 2549 subterduxit
1196 2474 1298 2562 mihi,

210 2600 335 2699 Atque
373 2602 462 2675 abiit
500 2600 545 2674 ad
585 2602 747 2686 amicam,
791 2602 904 2689 credo,
946 2626 1062 2698 neque
1094 2627 1152 2674 me
1185 2599 1299 2673 voluit

360 2724 497 2799 ducere.
1153 2773 1155 2779 -
1242 2740 1299 2792 355

211 2851 289 2958 Qui
302 2849 407 2923 illurn
420 2850 589 2947 perduint
602 2851 640 2924 di
653 2876 785 2937 omnes,
799 2851 860 2948 qui
875 2860 1082 2923 conmentus
1096 2849 1231 2945 primus
1245 2859 1299 2923 est

212 2977 427 3051 Concionem
453 2974 592 3061 habere,
618 2978 680 3073 qui
705 2975 867 3049 homines
892 2987 1077 3072 occupatos
1103 2977 1269 3070 occupat!

212 3098 299 3173 Non
324 3099 470 3172 adeam
497 3124 571 3172 rem
594 3102 722 3203 otiosos
747 3099 907 3173 homines
931 3100 1050 3173 decuit
1076 3098 1204 3196 delegi,

111 3299 398 3350 vv.351-367.Troch.
417 3300 482 3347 Tetr.
503 3299 557 3348 cau
597 3301 649 3348 351.
665 3301 753 3359 Quom
780 3302 833 3360 353,
850 3301 940 3357 Quom
962 3302 1016 3355 354,
1033 3299 1110 3356 Dum,
1133 3307 1158 3348 et
1182 3300 1234 3356 ³56,
1251 3298 1300 3355 Di;

199 3390 248 3423 non
263 3374 393 3423 eliduntur.
423 3375 476 3422 357.
493 3374 591 3431 Habere,
606 3377 657 3435 qui.
672 3376 747 3436 Vulg,
763 3376 817 3424 Hac
831 3392 909 3437 reque.
940 3378 992 3424 358.
1008 3375 1073 3433 Rem,
1089 3391 1137 3423 non
1152 3374 1207 3423 alid.

149 3552 217 3605 348.
259 3541 395 3612 Domino,
410 3542 484 3621 etc]
506 3542 603 3619 Supra
618 3541 683 3601 168.
774 3551 840 3610 357.
884 3541 1045 3621 Occupatos
1057 3539 1206 3619 occupat]
1239 3539 1300 3597 Ru-

112 3644 223 3702 Confer
239 3643 380 3701 Snansr.
734 3638 808 3696 dens
821 3634 868 3697 26.

800 3743 858 3791 “Di
873 3743 965 3791 dabunt
967 3776 1020 3789 ......
1021 3741 1064 3789 tibi
1078 3754 1189 3799 magnum
1203 3738 1301 3795 malum,

114 3792 234 3839 Idm-S·
244 3786 684 3847 “ThithefIm¹¹⁸t’²l²h⁰¹¹gh³⁸³i¹¹³t
750 3821 799 3880 Qui
812 3820 917 3869 oratione
932 3819 970 3868 hic
985 3828 1102 3879 occupator
1115 3815 1233 3876 occupes.'’

113 3866 290 3991 Forlddrv'dssnltd
313 3946 378 3987 must
399 3938 460 3986 their
480 3937 585 3985 mesters'
610 3935 687 3983 minda
776 3924 841 3977 358.
884 3914 995 3974 otiosos
1008 3912 1160 3991 homines]
1174 3912 1302 3989 Oportet

172 4018 263 4068 fulfil.”
736 4012 871 4070 homines
881 4030 942 4068 non
950 4010 1035 4068 aliter
1043 4016 1210 4084 occupatos,
1222 4006 1302 4086 (qui-

280 4090 343 4137 ⁰⁰m¹
358 4090 386 4147 ⁰f
399 4087 455 4135 En.
484 4086 540 4135 Aa·
551 4085 598 4133 IV·
620 4084 660 4133 Sc.
671 4102 688 4132 ¹·
738 4109 795 4166 bus
808 4104 883 4163 nihil
896 4104 978 4162 aliud
992 4104 1029 4162 sit
1043 4102 1125 4180 quod
1134 4105 1249 4179 agant)
1264 4103 1304 4161 ad

153 4221 222 4275 350.
266 4208 455 4290 Sequimini]
485 4208 556 4276 Vos,
570 4205 687 4265 navitae.
738 4221 800 4259 eam
826 4217 894 4267 rens,
924 4197 1045 4276 (nempe
1071 4196 1109 4255 ad
1133 4196 1302 4257 concionem

115 4314 162 4372 De
177 4311 292 4390 quibus
308 4309 407 4385 Supra
420 4312 485 4364 341.
737 4293 931 4373 habendam)
953 4293 1046 4372 seligi.
