3084 5017
599 468 926 533 MENAECHMEI.
1313 470 1357 553 17

267 659 327 734 Sic
350 658 418 733 hoc
439 659 559 735 decet!
587 660 682 763 Dari
707 662 822 738 facete
846 665 953 740 verba
975 665 1113 741 custodi
1137 669 1244 741 eatae!
1315 682 1354 733 55

266 784 351 861 Hoc
373 786 511 861 facinus
535 789 698 887 pulcrum
724 804 789 877 est,
816 790 884 865 hoc
905 793 1055 888 probum
1079 804 1144 884 est,
1172 792 1240 868 hoc
1264 795 1354 893 lepi-

414 912 500 985 dum
524 925 591 1001 est,
617 913 683 989 hoc
707 914 843 989 factum
867 926 922 990 est
944 915 1060 991 fabre!
1452 895 1454 901 Ι

264 1038 465 1153 &walo
480 1066 502 1113 a
517 1041 612 1115 mala
627 1042 759 1116 abstuli
772 1068 783 1131 3
809 1042 877 1117 hoc
891 1042 938 1117 ad
954 1043 1125 1119 damnum
1141 1028 1344 1123 deferetur.¹

265 1163 398 1239 Avorti
414 1167 568 1264 praedam
586 1169 631 1241 ab
646 1166 820 1255 hostibuS,
845 1165 1008 1243 nostrfim
1025 1172 1140 1246 salute
1156 1174 1311 1247 soeifim!

156 1288 236 1361 ΡΕ.
264 1287 383 1377 Heus,
416 1291 632 1380 adulescens,
665 1318 782 1390 ecquae
807 1294 846 1367 in
875 1293 965 1367 istac
994 1320 1076 1393 pars
1109 1296 1205 1371 inest
1230 1295 1353 1394 praemi

414 1417 535 1491 mihi?
896 1398 899 1407 ’
1316 1437 1354 1499 59

160 1542 251 1615 ΜΕ.
267 1541 377 1629 Perii,
394 1543 435 1617 in
450 1544 599 1620 insidias
615 1546 762 1620 deveni!

680 1671 756 1746 ΡΕ.
785 1670 865 1743 Imo
882 1671 922 1745 in
937 1673 1162 1771 praesidiumf·
1180 1698 1226 1747 ne
1243 1674 1351 1747 time!

161 1792 251 1867 ΜΕ.
267 1792 362 1880 Quis
381 1792 487 1868 homo
504 1798 583 1869 est?

412 1920 484 1993 ΡΕ.
509 1920 592 2019 Ego
608 1945 699 1993 sum.

475 2045 562 2121 ΜΕ.
580 2045 616 2119 0
627 2072 708 2120 mee
717 2048 960 2133 commoditas,
976 2072 1086 2121 omea
1095 2052 1353 2146 opportunitas,

262 2170 371 2245 Salve
383 2174 390 2243 !

372 2297 448 2372 ΡΕ.
480 2297 596 2372 Salve.

569 2423 655 2498 ΜΕ.
674 2424 779 2512 Quid
795 2426 899 2523 agis?

673 2548 748 2622 ΡΕ.
767 2548 891 2624 Teneo
904 2548 1051 2623 dextera
1063 2549 1210 2657 genium
1223 2574 1353 2622 meum.

158 2675 252 2749 ΜΕ.
264 2674 351 2749 Non
383 2675 534 2772 potuisti
562 2699 666 2773 mage
698 2699 763 2772 per
792 2686 934 2772 tempus
963 2673 1015 2745 mi
1038 2672 1217 2759 advenire,
1248 2697 1355 2769 quam

413 2799 570 2874 advenis.

230 2999 271 3032 vv.
281 2983 320 3039 55,
329 2981 368 3029 56.
383 2979 461 3028 lamb.
470 2980 536 3028 Tetr.
565 2979 604 3034 57,
614 2980 652 3027 58.
668 2978 745 3027 lamb.
755 2978 820 3027 Tetr.
831 2977 886 3026 Cat.
914 2977 1028 3025 59.-100.
1041 2976 1129 3025 Troeh.
1138 2976 1202 3024 Tetr.
1214 2975 1269 3023 Cer„

201 3131 250 3184 55.
292 3121 374 3181 Dari
399 3121 515 3200 verba]
564 3121 616 3180 Sic
648 3121 736 3181 decet
785 3120 915 3201 v.116.]
954 3119 1015 3179 Sed
1030 3119 1135 3179 melior
1155 3130 1202 3179 est
1216 3120 1358 3181 Lambini

155 3220 295 3282 curiosas
308 3218 379 3277 istas
396 3218 589 3292 uxoresfalli.
633 3218 734 3276 Custo-
784 3216 868 3276 ratio.

156 3320 226 3378 dem
242 3316 331 3387 enim,
357 3315 407 3392 (ut
428 3336 517 3394 supra
536 3315 733 3393 Portitorem,)

155 3416 202 3473 ob
216 3411 391 3489 diligentem
408 3411 644 3470 observationem
656 3429 734 3469 nun-

156 3518 264 3587 cupat.

824 3356 871 3409 58.
912 3348 1014 3407 Averti
1025 3348 1187 3428 proedam.]
1208 3348 1358 3426 Loquitur

783 3443 871 3521 quasi
890 3442 928 3501 de
949 3462 982 3501 re
999 3441 1120 3501 militari
1128 3465 1138 3513 ;
1162 3453 1193 3502 et
1210 3444 1275 3503 haec
1294 3452 1359 3502 erat

784 3534 987 3614 pulcherrima
999 3536 1125 3595 victoria
1137 3536 1169 3593 in
1187 3557 1247 3614 qua
1265 3536 1359 3614 spolia

201 3638 251 3697 57.
291 3629 361 3690 Meo
382 3629 501 3708 malm]
523 3630 598 3689 Meo
623 3639 734 3698 sumtu,
784 3631 853 3711 quis
876 3652 913 3689 ex
936 3630 1021 3689 hoste
1041 3632 1246 3708 reportaverit,
1271 3631 1359 3691 sociis

154 3749 199 3789 ac
222 3728 340 3799 damno,
362 3728 439 3787 hanc
457 3728 567 3806 pallam
587 3729 625 3786 ab
643 3746 735 3786 uxore
783 3726 856 3797 suis,
878 3746 931 3785 seu
952 3723 1055 3803 copiis,
1076 3724 1174 3783 salvis.

155 3846 232 3885 mea
262 3825 341 3883 malr
372 3824 490 3883 abstuli.
534 3824 604 3884 Meo
630 3824 734 3883 damno

154 3933 273 3990 autem,
288 3922 360 3999 quia
371 3942 438 3980 meo
448 3931 549 3981 sumtu
558 3931 661 3999 parata
671 3930 716 3980 est
723 3942 733 3990 ;

155 4028 197 4079 et
208 4018 361 4096 quiaquae
375 4018 476 4075 uxoris
488 4036 563 4076 meae
576 4026 655 4085 sunt,
669 4035 736 4074 mea
1166 4085 1168 4093 Ι

150 4122 244 4179 sunt,
265 4121 296 4169 et
311 4120 414 4167 nostro
430 4109 539 4167 damno
558 4129 605 4168 res
621 4119 735 4167 nostras
825 4109 873 4170 62.
918 4108 1011 4167 Teneo
1027 4109 1175 4187 dextere]
1215 4111 1360 4173 Dextram

154 4207 268 4269 scortis
291 4206 407 4265 damus.
448 4207 550 4264 Lirin.
592 4204 654 4267 Alii
681 4223 737 4283 pro
786 4207 937 4275 nimirum,
965 4204 1039 4263 dum
1064 4205 1221 4279 salutabat,
1247 4210 1360 4271 domini

155 4323 223 4362 meo
237 4300 369 4381 periculo
383 4310 521 4371 rumunt;
557 4300 644 4378 [Vid.
659 4300 737 4358 infre
789 4302 834 4360 sui
855 4296 1035 4358 Menaechmi
1055 4311 1258 4377 prensaveret.

1048 4419 1070 4468 C

824 3876 871 3939 59.
911 3867 1021 3947 Ecquae
1037 3869 1141 3947 pare]
1172 3876 1181 3902 ‘
1192 3867 1358 3928 Haven'tI

785 3984 844 4040 any
865 3961 950 4020 share
970 3961 1001 4018 in
1022 3960 1082 4019 this
1101 3960 1217 4040 prize?'
