<?xml version="1.0" encoding="UTF-8"?>
<!DOCTYPE html PUBLIC "-//W3C//DTD XHTML 1.0 Transitional//EN"
    "http://www.w3.org/TR/xhtml1/DTD/xhtml1-transitional.dtd">
<html xmlns="http://www.w3.org/1999/xhtml" xml:lang="en" lang="en">
 <head>
  <title>
</title>
<meta http-equiv="Content-Type" content="text/html;charset=utf-8" />
  <meta name='ocr-system' content='tesseract 3.04.00' />
  <meta name='ocr-capabilities' content='ocr_page ocr_carea ocr_par ocr_line ocrx_word'/>
</head>
<body>
  <div class='ocr_page' id='page_1' title='image "./maplautimenaech00hildgoog_0037.png"; bbox 0 0 3084 5017; ppageno 0'>
   <div class='ocr_carea' id='block_1_1' title="bbox 568 478 1325 544">
    <p class='ocr_par' dir='ltr' id='par_1_1' title="bbox 568 478 1325 544">
     <span class='ocr_line' id='line_1_1' title="bbox 568 478 1325 544; baseline 0 -1"><span class='ocrx_word' id='word_1_1' title='bbox 568 478 896 544; x_wconf 82' lang='lat' dir='ltr'><strong>MENAECHMEI.</strong></span> <span class='ocrx_word' id='word_1_2' title='bbox 1282 481 1325 543; x_wconf 74' lang='lat'><strong>25</strong></span> 
     </span>
    </p>
   </div>
   <div class='ocr_carea' id='block_1_2' title="bbox 131 675 1315 1038">
    <p class='ocr_par' dir='ltr' id='par_1_2' title="bbox 131 675 1315 1038">
     <span class='ocr_line' id='line_1_2' title="bbox 132 675 1315 788; baseline 0.003 -39"><span class='ocrx_word' id='word_1_3' title='bbox 132 678 221 751; x_wconf 85' lang='grc' dir='ltr'><strong>ΜΕ.</strong></span> <span class='ocrx_word' id='word_1_4' title='bbox 232 680 400 767; x_wconf 84' lang='lat' dir='ltr'><strong>Quatuor</strong></span> <span class='ocrx_word' id='word_1_5' title='bbox 424 683 532 755; x_wconf 89' lang='lat' dir='ltr'><strong>minis</strong></span> <span class='ocrx_word' id='word_1_6' title='bbox 558 707 624 781; x_wconf 86' lang='lat' dir='ltr'><strong>ego</strong></span> <span class='ocrx_word' id='word_1_7' title='bbox 648 682 720 755; x_wconf 92' lang='lat' dir='ltr'><strong>emi</strong></span> <span class='ocrx_word' id='word_1_8' title='bbox 744 682 860 754; x_wconf 87' lang='lat' dir='ltr'><strong>istanc</strong></span> <span class='ocrx_word' id='word_1_9' title='bbox 884 675 978 788; x_wconf 62' lang='lat' dir='ltr'><strong>mino</strong></span> <span class='ocrx_word' id='word_1_10' title='bbox 999 681 1102 755; x_wconf 84' lang='lat' dir='ltr'><strong>uxori</strong></span> <span class='ocrx_word' id='word_1_11' title='bbox 1127 704 1225 753; x_wconf 87' lang='lat' dir='ltr'><strong>meae.</strong></span> <span class='ocrx_word' id='word_1_12' title='bbox 1312 704 1315 711; x_wconf 91' lang='lat'>·</span> 
     </span>
     <span class='ocr_line' id='line_1_3' title="bbox 131 803 1261 911; baseline -0.001 -35"><span class='ocrx_word' id='word_1_13' title='bbox 131 806 204 877; x_wconf 90' lang='grc' dir='ltr'><strong>ΡΕ.</strong></span> <span class='ocrx_word' id='word_1_14' title='bbox 233 805 399 892; x_wconf 83' lang='lat' dir='ltr'><strong>Quatuor</strong></span> <span class='ocrx_word' id='word_1_15' title='bbox 424 808 530 880; x_wconf 87' lang='lat' dir='ltr'><strong>minae</strong></span> <span class='ocrx_word' id='word_1_16' title='bbox 555 807 738 904; x_wconf 91' lang='lat' dir='ltr'><strong>perierunt</strong></span> <span class='ocrx_word' id='word_1_17' title='bbox 763 804 880 904; x_wconf 88' lang='lat' dir='ltr'><strong>plane,</strong></span> <span class='ocrx_word' id='word_1_18' title='bbox 908 816 950 911; x_wconf 86' lang='lat' dir='ltr'><strong>ut</strong></span> <span class='ocrx_word' id='word_1_19' title='bbox 972 806 1065 879; x_wconf 88' lang='lat' dir='ltr'><strong>ratio</strong></span> <span class='ocrx_word' id='word_1_20' title='bbox 1089 803 1261 884; x_wconf 78' lang='lat' dir='ltr'><strong>redditur.</strong></span> 
     </span>
     <span class='ocr_line' id='line_1_4' title="bbox 131 938 869 1038; baseline 0 -28"><span class='ocrx_word' id='word_1_21' title='bbox 131 939 218 1011; x_wconf 99' lang='grc' dir='ltr'><strong>ΜΕ.</strong></span> <span class='ocrx_word' id='word_1_22' title='bbox 234 938 339 1025; x_wconf 88' lang='lat' dir='ltr'><strong>Scin&#39;,</strong></span> <span class='ocrx_word' id='word_1_23' title='bbox 358 939 446 1036; x_wconf 92' lang='lat' dir='ltr'><strong>quid</strong></span> <span class='ocrx_word' id='word_1_24' title='bbox 458 940 537 1013; x_wconf 88' lang='lat' dir='ltr'><strong>volo</strong></span> <span class='ocrx_word' id='word_1_25' title='bbox 548 965 613 1038; x_wconf 85' lang='lat' dir='ltr'><strong>ego</strong></span> <span class='ocrx_word' id='word_1_26' title='bbox 625 950 661 1012; x_wconf 90' lang='lat' dir='ltr'><strong>te</strong></span> <span class='ocrx_word' id='word_1_27' title='bbox 672 938 869 1012; x_wconf 79' lang='lat' dir='ltr'><strong>adcurare?</strong></span> 
     </span>
    </p>
   </div>
   <div class='ocr_carea' id='block_1_3' title="bbox 127 1064 1324 2668">
    <p class='ocr_par' dir='ltr' id='par_1_3' title="bbox 127 1064 1324 2668">
     <span class='ocr_line' id='line_1_5' title="bbox 743 1064 1324 1165; baseline -0.01 -23"><span class='ocrx_word' id='word_1_28' title='bbox 743 1067 819 1142; x_wconf 80' lang='lat' dir='ltr'><strong>ER.</strong></span> <span class='ocrx_word' id='word_1_29' title='bbox 838 1068 930 1143; x_wconf 85' lang='lat' dir='ltr'><strong>Scio.</strong></span> <span class='ocrx_word' id='word_1_30' title='bbox 960 1068 1110 1155; x_wconf 69' lang='lat' dir='ltr'><strong>(iurabo,</strong></span> <span class='ocrx_word' id='word_1_31' title='bbox 1125 1093 1203 1165; x_wconf 88' lang='lat' dir='ltr'><strong>quae</strong></span> <span class='ocrx_word' id='word_1_32' title='bbox 1216 1064 1324 1139; x_wconf 84' lang='lat' dir='ltr'><strong>voles.</strong></span> 
     </span>
     <span class='ocr_line' id='line_1_6' title="bbox 132 1191 1324 1293; baseline 0.002 -30"><span class='ocrx_word' id='word_1_33' title='bbox 132 1191 219 1263; x_wconf 90' lang='grc' dir='ltr'><strong>ΜΕ.</strong></span> <span class='ocrx_word' id='word_1_34' title='bbox 232 1192 329 1266; x_wconf 89' lang='lat' dir='ltr'><strong>Jube</strong></span> <span class='ocrx_word' id='word_1_35' title='bbox 355 1194 467 1291; x_wconf 85' lang='lat' dir='ltr'><strong>igitur</strong></span> <span class='ocrx_word' id='word_1_36' title='bbox 492 1195 593 1268; x_wconf 88' lang='lat' dir='ltr'><strong>nobis</strong></span> <span class='ocrx_word' id='word_1_37' title='bbox 617 1195 713 1292; x_wconf 87' lang='lat' dir='ltr'><strong>apud</strong></span> <span class='ocrx_word' id='word_1_38' title='bbox 738 1205 775 1269; x_wconf 90' lang='lat' dir='ltr'><strong>te</strong></span> <span class='ocrx_word' id='word_1_39' title='bbox 796 1195 986 1293; x_wconf 87' lang='lat' dir='ltr'><strong>prandium</strong></span> <span class='ocrx_word' id='word_1_40' title='bbox 1009 1194 1219 1279; x_wconf 87' lang='lat' dir='ltr'><strong>adcurarier,</strong></span> <span class='ocrx_word' id='word_1_41' title='bbox 1269 1206 1324 1258; x_wconf 74' lang='lat'><strong>125</strong></span> 
     </span>
     <span class='ocr_line' id='line_1_7' title="bbox 233 1314 1323 1421; baseline -0.005 -33"><span class='ocrx_word' id='word_1_42' title='bbox 233 1314 361 1413; x_wconf 85' lang='lat' dir='ltr'><strong>Atque</strong></span> <span class='ocrx_word' id='word_1_43' title='bbox 387 1317 525 1414; x_wconf 87' lang='lat' dir='ltr'><strong>aliquid</strong></span> <span class='ocrx_word' id='word_1_44' title='bbox 548 1318 840 1421; x_wconf 82' lang='lat' dir='ltr'><strong>scitamentorum</strong></span> <span class='ocrx_word' id='word_1_45' title='bbox 867 1319 911 1392; x_wconf 92' lang='lat' dir='ltr'><strong>de</strong></span> <span class='ocrx_word' id='word_1_46' title='bbox 934 1316 1009 1392; x_wconf 87' lang='lat' dir='ltr'><strong>foro</strong></span> <span class='ocrx_word' id='word_1_47' title='bbox 1033 1317 1234 1413; x_wconf 86' lang='lat' dir='ltr'><strong>obsonarier</strong></span> <span class='ocrx_word' id='word_1_48' title='bbox 1248 1370 1255 1385; x_wconf 93' lang='lat'><strong>.</strong></span> <span class='ocrx_word' id='word_1_49' title='bbox 1270 1369 1278 1385; x_wconf 88' lang='lat'><strong>.</strong></span> <span class='ocrx_word' id='word_1_50' title='bbox 1293 1368 1323 1383; x_wconf 92' lang='lat'><strong>..</strong></span> 
     </span>
     <span class='ocr_line' id='line_1_8' title="bbox 129 1438 1238 1549; baseline 0.001 -38"><span class='ocrx_word' id='word_1_51' title='bbox 129 1440 203 1511; x_wconf 85' lang='grc' dir='ltr'><strong>ΡΕ.</strong></span> <span class='ocrx_word' id='word_1_52' title='bbox 230 1438 511 1549; x_wconf 53' lang='grc' dir='ltr'><strong>(Μειῃᾶὶοηὶὼιῐῑι</strong></span> <span class='ocrx_word' id='word_1_53' title='bbox 534 1442 688 1528; x_wconf 81' lang='lat' dir='ltr'><strong>suillam,</strong></span> <span class='ocrx_word' id='word_1_54' title='bbox 715 1443 880 1527; x_wconf 88' lang='lat' dir='ltr'><strong>laridum,</strong></span> <span class='ocrx_word' id='word_1_55' title='bbox 906 1442 1148 1540; x_wconf 90' lang='lat' dir='ltr'><strong>pemonidem,</strong></span> <span class='ocrx_word' id='word_1_56' title='bbox 1175 1449 1238 1513; x_wconf 83' lang='lat' dir='ltr'><strong>aut</strong></span> 
     </span>
     <span class='ocr_line' id='line_1_9' title="bbox 234 1565 1322 1671; baseline -0.004 -32"><span class='ocrx_word' id='word_1_57' title='bbox 234 1566 410 1663; x_wconf 83' lang='lat' dir='ltr'><strong>Sinoiput,</strong></span> <span class='ocrx_word' id='word_1_58' title='bbox 445 1579 508 1640; x_wconf 88' lang='lat' dir='ltr'><strong>aut</strong></span> <span class='ocrx_word' id='word_1_59' title='bbox 539 1579 683 1671; x_wconf 87' lang='lat' dir='ltr'><strong>omenta</strong></span> <span class='ocrx_word' id='word_1_60' title='bbox 714 1570 871 1666; x_wconf 85' lang='lat' dir='ltr'><strong>porcina,</strong></span> <span class='ocrx_word' id='word_1_61' title='bbox 905 1581 969 1642; x_wconf 87' lang='lat' dir='ltr'><strong>aut</strong></span> <span class='ocrx_word' id='word_1_62' title='bbox 1001 1566 1137 1664; x_wconf 87' lang='lat' dir='ltr'><strong>aliquid</strong></span> <span class='ocrx_word' id='word_1_63' title='bbox 1168 1565 1322 1637; x_wconf 90' lang='lat' dir='ltr'><strong>adeum</strong></span> 
     </span>
     <span class='ocr_line' id='line_1_10' title="bbox 380 1694 538 1780; baseline 0.006 -14"><span class='ocrx_word' id='word_1_64' title='bbox 380 1694 538 1780; x_wconf 91' lang='lat' dir='ltr'><strong>modum,</strong></span> 
     </span>
     <span class='ocr_line' id='line_1_11' title="bbox 231 1818 1324 1919; baseline -0.006 -26"><span class='ocrx_word' id='word_1_65' title='bbox 231 1820 386 1894; x_wconf 90' lang='lat' dir='ltr'><strong>Madida</strong></span> <span class='ocrx_word' id='word_1_66' title='bbox 403 1848 480 1918; x_wconf 89' lang='lat' dir='ltr'><strong>quae</strong></span> <span class='ocrx_word' id='word_1_67' title='bbox 496 1823 547 1893; x_wconf 92' lang='lat' dir='ltr'><strong>mi</strong></span> <span class='ocrx_word' id='word_1_68' title='bbox 566 1821 728 1919; x_wconf 88' lang='lat' dir='ltr'><strong>adposita</strong></span> <span class='ocrx_word' id='word_1_69' title='bbox 749 1824 787 1896; x_wconf 93' lang='lat' dir='ltr'><strong>in</strong></span> <span class='ocrx_word' id='word_1_70' title='bbox 813 1846 970 1894; x_wconf 89' lang='lat' dir='ltr'><strong>mensam</strong></span> <span class='ocrx_word' id='word_1_71' title='bbox 986 1818 1175 1894; x_wconf 87' lang='lat' dir='ltr'>miluinam</span> <span class='ocrx_word' id='word_1_72' title='bbox 1197 1840 1324 1913; x_wconf 85' lang='lat' dir='ltr'><strong>sugge-</strong></span> 
     </span>
     <span class='ocr_line' id='line_1_12' title="bbox 245 1922 1323 2051; baseline -0.002 -35"><span class='ocrx_word' id='word_1_73' title='bbox 245 1924 264 1933; x_wconf 75' lang='lat'><strong>..</strong></span> <span class='ocrx_word' id='word_1_74' title='bbox 379 1955 471 2017; x_wconf 86' lang='lat' dir='ltr'><strong>rant.</strong></span> <span class='ocrx_word' id='word_1_75' title='bbox 537 2038 541 2051; x_wconf 28' lang='lat'><em>¹</em></span> <span class='ocrx_word' id='word_1_76' title='bbox 993 1922 1038 1980; x_wconf 24' lang='lat' dir='ltr'><strong>x*</strong></span> <span class='ocrx_word' id='word_1_77' title='bbox 1267 1953 1323 2014; x_wconf 73' lang='lat'><strong>129</strong></span> 
     </span>
     <span class='ocr_line' id='line_1_13' title="bbox 127 2068 548 2169; baseline -0.002 -28"><span class='ocrx_word' id='word_1_78' title='bbox 127 2068 218 2141; x_wconf 89' lang='grc' dir='ltr'><strong>ΜΕ.</strong></span> <span class='ocrx_word' id='word_1_79' title='bbox 232 2068 356 2164; x_wconf 88' lang='lat' dir='ltr'><strong>Atque</strong></span> <span class='ocrx_word' id='word_1_80' title='bbox 369 2080 548 2169; x_wconf 76' lang='lat' dir='ltr'><strong>actutum.</strong></span> 
     </span>
     <span class='ocr_line' id='line_1_14' title="bbox 513 2192 888 2266; baseline 0 -3"><span class='ocrx_word' id='word_1_81' title='bbox 513 2192 587 2265; x_wconf 79' lang='lat' dir='ltr'><strong>En.</strong></span> <span class='ocrx_word' id='word_1_82' title='bbox 615 2192 723 2266; x_wconf 83' lang='lat' dir='ltr'><strong>Licet</strong></span> <span class='ocrx_word' id='word_1_83' title='bbox 744 2205 888 2265; x_wconf 84' lang='lat' dir='ltr'><strong>ecastor.</strong></span> 
     </span>
     <span class='ocr_line' id='line_1_15' title="bbox 723 2313 1322 2415; baseline -0.013 -24"><span class='ocrx_word' id='word_1_84' title='bbox 723 2318 810 2392; x_wconf 89' lang='grc' dir='ltr'><strong>ΜΕ.</strong></span> <span class='ocrx_word' id='word_1_85' title='bbox 837 2317 915 2390; x_wconf 91' lang='lat' dir='ltr'><strong>Nos</strong></span> <span class='ocrx_word' id='word_1_86' title='bbox 932 2318 1115 2415; x_wconf 87' lang='lat' dir='ltr'><strong>prodimus</strong></span> <span class='ocrx_word' id='word_1_87' title='bbox 1132 2314 1179 2388; x_wconf 89' lang='lat' dir='ltr'><strong>ad</strong></span> <span class='ocrx_word' id='word_1_88' title='bbox 1195 2313 1322 2386; x_wconf 87' lang='lat' dir='ltr'><strong>forum.</strong></span> 
     </span>
     <span class='ocr_line' id='line_1_16' title="bbox 127 2439 1322 2541; baseline -0.008 -24"><span class='ocrx_word' id='word_1_89' title='bbox 127 2444 208 2517; x_wconf 86' lang='grc' dir='ltr'><strong>ΡΕ.</strong></span> <span class='ocrx_word' id='word_1_90' title='bbox 233 2443 259 2517; x_wconf 93' lang='lat' dir='ltr'><strong>J</strong></span> <span class='ocrx_word' id='word_1_91' title='bbox 261 2470 318 2517; x_wconf 93' lang='lat' dir='ltr'><strong>am</strong></span> <span class='ocrx_word' id='word_1_92' title='bbox 333 2443 391 2518; x_wconf 88' lang='lat' dir='ltr'><strong>hic</strong></span> <span class='ocrx_word' id='word_1_93' title='bbox 406 2470 469 2517; x_wconf 87' lang='lat' dir='ltr'><strong>nos</strong></span> <span class='ocrx_word' id='word_1_94' title='bbox 485 2445 635 2517; x_wconf 89' lang='lat' dir='ltr'><strong>erimus:</strong></span> <span class='ocrx_word' id='word_1_95' title='bbox 653 2444 740 2517; x_wconf 91' lang='lat' dir='ltr'><strong>dum</strong></span> <span class='ocrx_word' id='word_1_96' title='bbox 751 2455 933 2541; x_wconf 85' lang='lat' dir='ltr'><strong>coquetur,</strong></span> <span class='ocrx_word' id='word_1_97' title='bbox 948 2442 1094 2515; x_wconf 84' lang='lat' dir='ltr'><strong>interim</strong></span> <span class='ocrx_word' id='word_1_98' title='bbox 1109 2439 1322 2538; x_wconf 87' lang='lat' dir='ltr'><strong>potabimus.</strong></span> 
     </span>
     <span class='ocr_line' id='line_1_17' title="bbox 127 2570 902 2668; baseline -0.001 -25"><span class='ocrx_word' id='word_1_99' title='bbox 127 2571 207 2643; x_wconf 80' lang='lat' dir='ltr'><strong>ER.</strong></span> <span class='ocrx_word' id='word_1_100' title='bbox 234 2570 390 2657; x_wconf 84' lang='lat' dir='ltr'><strong>Quando</strong></span> <span class='ocrx_word' id='word_1_101' title='bbox 407 2574 471 2656; x_wconf 88' lang='lat' dir='ltr'><strong>vis,</strong></span> <span class='ocrx_word' id='word_1_102' title='bbox 490 2572 591 2645; x_wconf 87' lang='lat' dir='ltr'><strong>veni:</strong></span> <span class='ocrx_word' id='word_1_103' title='bbox 609 2583 732 2668; x_wconf 84' lang='lat' dir='ltr'><strong>parata</strong></span> <span class='ocrx_word' id='word_1_104' title='bbox 748 2598 804 2645; x_wconf 90' lang='lat' dir='ltr'><strong>res</strong></span> <span class='ocrx_word' id='word_1_105' title='bbox 822 2573 902 2644; x_wconf 87' lang='lat' dir='ltr'><strong>erit.</strong></span> 
     </span>
    </p>
   </div>
   <div class='ocr_carea' id='block_1_4' title="bbox 903 2690 1297 2793">
    <p class='ocr_par' dir='ltr' id='par_1_4' title="bbox 903 2690 1297 2793">
     <span class='ocr_line' id='line_1_18' title="bbox 903 2690 1297 2793; baseline -0.02 -24"><span class='ocrx_word' id='word_1_106' title='bbox 903 2698 973 2769; x_wconf 84' lang='grc' dir='ltr'><strong>ΡΕ.</strong></span> <span class='ocrx_word' id='word_1_107' title='bbox 999 2696 1159 2793; x_wconf 87' lang='lat' dir='ltr'><strong>Propera</strong></span> <span class='ocrx_word' id='word_1_108' title='bbox 1172 2690 1297 2763; x_wconf 85' lang='lat' dir='ltr'><strong>modo!</strong></span> 
     </span>
    </p>
   </div>
   <div class='ocr_carea' id='block_1_5' title="bbox 1 2797 1321 3049">
    <p class='ocr_par' dir='ltr' id='par_1_5' title="bbox 1 2797 1321 3049">
     <span class='ocr_line' id='line_1_19' title="bbox 1 2797 560 2920; baseline -0.004 -23"><span class='ocrx_word' id='word_1_109' title='bbox 1 2820 2 2833; x_wconf 49' lang='lat'>¹</span> <span class='ocrx_word' id='word_1_110' title='bbox 126 2822 218 2896; x_wconf 90' lang='grc' dir='ltr'><strong>ΜΕ.</strong></span> <span class='ocrx_word' id='word_1_111' title='bbox 232 2823 384 2920; x_wconf 87' lang='lat' dir='ltr'><strong>Sequere</strong></span> <span class='ocrx_word' id='word_1_112' title='bbox 402 2836 453 2897; x_wconf 87' lang='lat' dir='ltr'><strong>tu.</strong></span> <span class='ocrx_word' id='word_1_113' title='bbox 558 2797 560 2812; x_wconf 29' lang='lat'><strong><em>¹</em></strong></span> 
     </span>
     <span class='ocr_line' id='line_1_20' title="bbox 445 2949 1321 3049; baseline -0.013 -28"><span class='ocrx_word' id='word_1_114' title='bbox 445 2950 519 3023; x_wconf 90' lang='grc' dir='ltr'><strong>ΡΕ.</strong></span> <span class='ocrx_word' id='word_1_115' title='bbox 539 2949 622 3049; x_wconf 90' lang='lat' dir='ltr'><strong>Ego</strong></span> <span class='ocrx_word' id='word_1_116' title='bbox 635 2950 752 3024; x_wconf 86' lang='lat' dir='ltr'><strong>hercle</strong></span> <span class='ocrx_word' id='word_1_117' title='bbox 765 2976 847 3023; x_wconf 85' lang='lat' dir='ltr'><strong>vero</strong></span> <span class='ocrx_word' id='word_1_118' title='bbox 861 2961 897 3023; x_wconf 91' lang='lat' dir='ltr'><strong>te</strong></span> <span class='ocrx_word' id='word_1_119' title='bbox 911 2950 1065 3030; x_wconf 87' lang='lat' dir='ltr'><strong>servabo,</strong></span> <span class='ocrx_word' id='word_1_120' title='bbox 1085 2954 1122 3017; x_wconf 88' lang='lat' dir='ltr'><strong>et</strong></span> <span class='ocrx_word' id='word_1_121' title='bbox 1134 2954 1172 3015; x_wconf 93' lang='lat' dir='ltr'><strong>te</strong></span> <span class='ocrx_word' id='word_1_122' title='bbox 1186 2963 1321 3037; x_wconf 89' lang='lat' dir='ltr'><strong>sequar.</strong></span> 
     </span>
    </p>
   </div>
   <div class='ocr_carea' id='block_1_6' title="bbox 506 3147 939 3210">
    <p class='ocr_par' dir='ltr' id='par_1_6' title="bbox 506 3147 939 3210">
     <span class='ocr_line' id='line_1_21' title="bbox 506 3147 939 3210; baseline 0.002 -15"><span class='ocrx_word' id='word_1_123' title='bbox 506 3150 595 3196; x_wconf 82' lang='lat' dir='ltr'><strong>v.1³³.</strong></span> <span class='ocrx_word' id='word_1_124' title='bbox 628 3150 688 3196; x_wconf 82' lang='lat' dir='ltr'><strong>Tcd.</strong></span> <span class='ocrx_word' id='word_1_125' title='bbox 706 3149 783 3210; x_wconf 87' lang='lat' dir='ltr'><strong>[Vide</strong></span> <span class='ocrx_word' id='word_1_126' title='bbox 798 3149 865 3197; x_wconf 86' lang='lat' dir='ltr'><strong>Infra</strong></span> <span class='ocrx_word' id='word_1_127' title='bbox 873 3147 939 3208; x_wconf 66' lang='lat'><strong>293]</strong></span> 
     </span>
    </p>
   </div>
   <div class='ocr_carea' id='block_1_7' title="bbox 171 3282 1325 3369">
    <p class='ocr_par' dir='ltr' id='par_1_7' title="bbox 171 3282 1325 3369">
     <span class='ocr_line' id='line_1_22' title="bbox 171 3282 1325 3369; baseline -0.006 -24"><span class='ocrx_word' id='word_1_128' title='bbox 171 3295 234 3347; x_wconf 78' lang='lat'><strong>123.</strong></span> <span class='ocrx_word' id='word_1_129' title='bbox 279 3286 318 3344; x_wconf 84' lang='lat' dir='ltr'><strong>Ut</strong></span> <span class='ocrx_word' id='word_1_130' title='bbox 338 3287 414 3347; x_wconf 84' lang='lat' dir='ltr'><strong>ratio</strong></span> <span class='ocrx_word' id='word_1_131' title='bbox 433 3288 593 3369; x_wconf 63' lang='lat' dir='ltr'><strong>redditum]</strong></span> <span class='ocrx_word' id='word_1_132' title='bbox 634 3288 700 3367; x_wconf 87' lang='lat' dir='ltr'><strong>‘By</strong></span> <span class='ocrx_word' id='word_1_133' title='bbox 750 3308 850 3347; x_wconf 88' lang='lat' dir='ltr'><strong>rerum</strong></span> <span class='ocrx_word' id='word_1_134' title='bbox 864 3286 1078 3355; x_wconf 83' lang='lat' dir='ltr'><strong>amansfuerit,</strong></span> <span class='ocrx_word' id='word_1_135' title='bbox 1100 3282 1183 3362; x_wconf 91' lang='lat' dir='ltr'><strong>quod</strong></span> <span class='ocrx_word' id='word_1_136' title='bbox 1200 3291 1325 3359; x_wconf 88' lang='lat' dir='ltr'><strong>apparet</strong></span> 
     </span>
    </p>
   </div>
   <div class='ocr_carea' id='block_1_8' title="bbox 1 3381 1275 3464">
    <p class='ocr_par' dir='ltr' id='par_1_8' title="bbox 1 3381 1275 3464">
     <span class='ocr_line' id='line_1_23' title="bbox 1 3381 1275 3464; baseline -0.005 -25"><span class='ocrx_word' id='word_1_137' title='bbox 1 3384 2 3403; x_wconf 67' lang='lat'>¹</span> <span class='ocrx_word' id='word_1_138' title='bbox 123 3401 206 3460; x_wconf 91' lang='lat' dir='ltr'><strong>your</strong></span> <span class='ocrx_word' id='word_1_139' title='bbox 225 3391 370 3451; x_wconf 88' lang='lat' dir='ltr'><strong>account;</strong></span> <span class='ocrx_word' id='word_1_140' title='bbox 393 3403 424 3440; x_wconf 91' lang='lat' dir='ltr'><strong>as</strong></span> <span class='ocrx_word' id='word_1_141' title='bbox 443 3383 489 3440; x_wconf 87' lang='lat' dir='ltr'><strong>far</strong></span> <span class='ocrx_word' id='word_1_142' title='bbox 509 3404 540 3441; x_wconf 81' lang='lat' dir='ltr'><strong>as</strong></span> <span class='ocrx_word' id='word_1_143' title='bbox 558 3381 573 3440; x_wconf 95' lang='lat'>1</span> <span class='ocrx_word' id='word_1_144' title='bbox 590 3382 700 3441; x_wconf 90' lang='lat' dir='ltr'><strong>under·</strong></span> <span class='ocrx_word' id='word_1_145' title='bbox 751 3406 788 3444; x_wconf 86' lang='lat' dir='ltr'><strong>ex</strong></span> <span class='ocrx_word' id='word_1_146' title='bbox 802 3385 888 3464; x_wconf 83' lang='lat' dir='ltr'><strong>Capt.</strong></span> <span class='ocrx_word' id='word_1_147' title='bbox 903 3392 970 3453; x_wconf 82' lang='lat'><strong>779,</strong></span> <span class='ocrx_word' id='word_1_148' title='bbox 985 3404 1049 3461; x_wconf 87' lang='lat' dir='ltr'><strong>sqq</strong></span> <span class='ocrx_word' id='word_1_149' title='bbox 1063 3391 1094 3439; x_wconf 88' lang='lat' dir='ltr'><strong>et</strong></span> <span class='ocrx_word' id='word_1_150' title='bbox 1107 3382 1194 3439; x_wconf 89' lang='lat' dir='ltr'><strong>Cure.</strong></span> <span class='ocrx_word' id='word_1_151' title='bbox 1209 3387 1275 3439; x_wconf 76' lang='lat'><strong>321.</strong></span> 
     </span>
    </p>
   </div>
   <div class='ocr_carea' id='block_1_9' title="bbox 124 3479 1323 3558">
    <p class='ocr_par' dir='ltr' id='par_1_9' title="bbox 124 3479 1323 3558">
     <span class='ocr_line' id='line_1_24' title="bbox 124 3479 1323 3558; baseline -0.021 1"><span class='ocrx_word' id='word_1_152' title='bbox 124 3479 216 3539; x_wconf 46' lang='lat' dir='ltr'><strong>stand</strong></span> <span class='ocrx_word' id='word_1_153' title='bbox 225 3499 302 3557; x_wconf 65' lang='lat' dir='ltr'><strong>WT</strong></span> <span class='ocrx_word' id='word_1_154' title='bbox 316 3479 487 3558; x_wconf 66' lang='lat' dir='ltr'><strong>reolconmgss</strong></span> <span class='ocrx_word' id='word_1_155' title='bbox 519 3481 566 3538; x_wconf 83' lang='lat' dir='ltr'><strong>Ex</strong></span> <span class='ocrx_word' id='word_1_156' title='bbox 579 3481 700 3540; x_wconf 88' lang='lat' dir='ltr'><strong>rationi-</strong></span> <span class='ocrx_word' id='word_1_157' title='bbox 752 3495 859 3543; x_wconf 87' lang='lat' dir='ltr'><strong>“Perna</strong></span> <span class='ocrx_word' id='word_1_158' title='bbox 867 3494 924 3551; x_wconf 83' lang='lat' dir='ltr'><strong>anis,</strong></span> <span class='ocrx_word' id='word_1_159' title='bbox 938 3494 1064 3547; x_wconf 87' lang='lat' dir='ltr'><strong>abdomen,</strong></span> <span class='ocrx_word' id='word_1_160' title='bbox 1078 3506 1161 3539; x_wconf 88' lang='lat' dir='ltr'><strong>sumen</strong></span> <span class='ocrx_word' id='word_1_161' title='bbox 1173 3488 1254 3549; x_wconf 81' lang='lat' dir='ltr'><strong>glandi</strong></span> <span class='ocrx_word' id='word_1_162' title='bbox 1271 3486 1323 3535; x_wconf 87' lang='lat' dir='ltr'><strong>m.”</strong></span> 
     </span>
    </p>
   </div>
   <div class='ocr_carea' id='block_1_10' title="bbox 123 3576 1323 3686">
    <p class='ocr_par' dir='ltr' id='par_1_10' title="bbox 123 3576 1323 3686">
     <span class='ocr_line' id='line_1_25' title="bbox 123 3576 1323 3686; baseline 0.014 -51"><span class='ocrx_word' id='word_1_163' title='bbox 123 3580 186 3635; x_wconf 83' lang='lat' dir='ltr'><strong>bus</strong></span> <span class='ocrx_word' id='word_1_164' title='bbox 200 3596 274 3653; x_wconf 91' lang='lat' dir='ltr'><strong>quas</strong></span> <span class='ocrx_word' id='word_1_165' title='bbox 287 3576 396 3635; x_wconf 88' lang='lat' dir='ltr'><strong>reddis.</strong></span> <span class='ocrx_word' id='word_1_166' title='bbox 439 3578 577 3653; x_wconf 86' lang='lat' dir='ltr'><strong>Namque</strong></span> <span class='ocrx_word' id='word_1_167' title='bbox 587 3587 631 3636; x_wconf 90' lang='lat' dir='ltr'><strong>eet</strong></span> <span class='ocrx_word' id='word_1_168' title='bbox 643 3578 701 3636; x_wconf 90' lang='lat' dir='ltr'><strong>hoc</strong></span> <span class='ocrx_word' id='word_1_169' title='bbox 751 3609 829 3681; x_wconf 71' lang='lat' dir='ltr'><strong>Quae</strong></span> <span class='ocrx_word' id='word_1_170' title='bbox 838 3608 1050 3686; x_wconf 65' lang='lat' dir='ltr'><strong>,untreliquiae</strong></span> <span class='ocrx_word' id='word_1_171' title='bbox 1059 3606 1197 3685; x_wconf 82' lang='lat' dir='ltr'><strong>parasito,</strong></span> <span class='ocrx_word' id='word_1_172' title='bbox 1212 3604 1323 3663; x_wconf 78' lang='lat' dir='ltr'><strong>adven.</strong></span> 
     </span>
    </p>
   </div>
   <div class='ocr_carea' id='block_1_11' title="bbox 123 3670 1324 3922">
    <p class='ocr_par' dir='ltr' id='par_1_11' title="bbox 123 3670 1324 3922">
     <span class='ocr_line' id='line_1_26' title="bbox 123 3670 1192 3778; baseline 0.001 -48"><span class='ocrx_word' id='word_1_173' title='bbox 123 3672 194 3730; x_wconf 89' lang='lat' dir='ltr'><strong>loco</strong></span> <span class='ocrx_word' id='word_1_174' title='bbox 217 3670 295 3730; x_wconf 85' lang='lat' dir='ltr'><strong>ratio</strong></span> <span class='ocrx_word' id='word_1_175' title='bbox 317 3672 499 3750; x_wconf 79' lang='lat' dir='ltr'><strong>argentaria,</strong></span> <span class='ocrx_word' id='word_1_176' title='bbox 530 3672 644 3751; x_wconf 86' lang='lat' dir='ltr'><strong>accepti</strong></span> <span class='ocrx_word' id='word_1_177' title='bbox 671 3682 701 3731; x_wconf 90' lang='lat' dir='ltr'><strong>et</strong></span> <span class='ocrx_word' id='word_1_178' title='bbox 750 3702 825 3761; x_wconf 56' lang='lat' dir='ltr'><strong>titiae</strong></span> <span class='ocrx_word' id='word_1_179' title='bbox 838 3721 931 3761; x_wconf 67' lang='lat' dir='ltr'><strong>coenae</strong></span> <span class='ocrx_word' id='word_1_180' title='bbox 944 3702 1019 3769; x_wconf 56' lang='lat' dir='ltr'><strong>loco,</strong></span> <span class='ocrx_word' id='word_1_181' title='bbox 1040 3698 1192 3778; x_wconf 48' lang='lat' dir='ltr'><strong>appositae·</strong></span> 
     </span>
     <span class='ocr_line' id='line_1_27' title="bbox 125 3765 698 3842; baseline -0.003 -17"><span class='ocrx_word' id='word_1_182' title='bbox 125 3765 261 3842; x_wconf 85' lang='lat' dir='ltr'><strong>expensi.</strong></span> <span class='ocrx_word' id='word_1_183' title='bbox 313 3766 423 3825; x_wconf 86' lang='lat' dir='ltr'><strong>Confer</strong></span> <span class='ocrx_word' id='word_1_184' title='bbox 463 3766 531 3825; x_wconf 87' lang='lat' dir='ltr'><strong>Ter.</strong></span> <span class='ocrx_word' id='word_1_185' title='bbox 559 3766 617 3825; x_wconf 92' lang='lat' dir='ltr'><strong>Ad.</strong></span> <span class='ocrx_word' id='word_1_186' title='bbox 645 3766 698 3824; x_wconf 93' lang='lat' dir='ltr'><strong>IV.</strong></span> 
     </span>
     <span class='ocr_line' id='line_1_28' title="bbox 126 3838 1324 3922; baseline -0.003 -22"><span class='ocrx_word' id='word_1_187' title='bbox 126 3882 185 3919; x_wconf 88' lang='lat' dir='ltr'><strong>v11.</strong></span> <span class='ocrx_word' id='word_1_188' title='bbox 203 3870 251 3922; x_wconf 50' lang='lat'><strong>24·</strong></span> <span class='ocrx_word' id='word_1_189' title='bbox 793 3851 856 3911; x_wconf 76' lang='lat'><strong>129.</strong></span> <span class='ocrx_word' id='word_1_190' title='bbox 907 3841 1044 3912; x_wconf 87' lang='lat' dir='ltr'><strong>Madida,</strong></span> <span class='ocrx_word' id='word_1_191' title='bbox 1079 3842 1155 3921; x_wconf 79' lang='lat' dir='ltr'><strong>etc]</strong></span> <span class='ocrx_word' id='word_1_192' title='bbox 1195 3838 1324 3899; x_wconf 88' lang='lat' dir='ltr'><strong>‘Which</strong></span> 
     </span>
    </p>
   </div>
   <div class='ocr_carea' id='block_1_12' title="bbox 124 3936 1324 4397">
    <p class='ocr_par' dir='ltr' id='par_1_12' title="bbox 142 3936 1323 4018">
     <span class='ocr_line' id='line_1_29' title="bbox 142 3936 1323 4018; baseline -0.005 -17"><span class='ocrx_word' id='word_1_193' title='bbox 142 3952 214 4001; x_wconf 74' lang='lat' dir='ltr'><strong>Dan.</strong></span> <span class='ocrx_word' id='word_1_194' title='bbox 239 3954 361 4013; x_wconf 81' lang='lat' dir='ltr'><strong>“Nempe</strong></span> <span class='ocrx_word' id='word_1_195' title='bbox 373 3961 416 4002; x_wconf 81' lang='lat' dir='ltr'><strong>tna</strong></span> <span class='ocrx_word' id='word_1_196' title='bbox 431 3961 481 4001; x_wconf 81' lang='lat' dir='ltr'><strong>arte</strong></span> <span class='ocrx_word' id='word_1_197' title='bbox 496 3956 584 4013; x_wconf 73' lang='lat' dir='ltr'><strong>viginti</strong></span> <span class='ocrx_word' id='word_1_198' title='bbox 598 3954 665 3999; x_wconf 70' lang='lat' dir='ltr'><strong>mino</strong></span> <span class='ocrx_word' id='word_1_199' title='bbox 750 3940 839 3999; x_wconf 88' lang='lat' dir='ltr'><strong>when</strong></span> <span class='ocrx_word' id='word_1_200' title='bbox 861 3939 967 3999; x_wconf 88' lang='lat' dir='ltr'><strong>served</strong></span> <span class='ocrx_word' id='word_1_201' title='bbox 987 3959 1029 4018; x_wconf 93' lang='lat' dir='ltr'><strong>up</strong></span> <span class='ocrx_word' id='word_1_202' title='bbox 1046 3949 1078 3999; x_wconf 90' lang='lat' dir='ltr'><strong>to</strong></span> <span class='ocrx_word' id='word_1_203' title='bbox 1097 3940 1177 3999; x_wconf 88' lang='lat' dir='ltr'><strong>table</strong></span> <span class='ocrx_word' id='word_1_204' title='bbox 1197 3936 1323 4007; x_wconf 85' lang='lat' dir='ltr'><strong>cooked,</strong></span> 
     </span>
    </p>

    <p class='ocr_par' dir='ltr' id='par_1_13' title="bbox 261 4029 1323 4111">
     <span class='ocr_line' id='line_1_30' title="bbox 261 4029 1323 4111; baseline -0.001 -22"><span class='ocrx_word' id='word_1_205' title='bbox 261 4031 309 4079; x_wconf 83' lang='lat' dir='ltr'><strong>Pro</strong></span> <span class='ocrx_word' id='word_1_206' title='bbox 323 4029 421 4089; x_wconf 71' lang='lat' dir='ltr'><strong>penaria</strong></span> <span class='ocrx_word' id='word_1_207' title='bbox 433 4030 545 4089; x_wconf 53' lang='lat' dir='ltr'><strong>parim?</strong></span> <span class='ocrx_word' id='word_1_208' title='bbox 750 4054 821 4111; x_wconf 87' lang='lat' dir='ltr'><strong>may</strong></span> <span class='ocrx_word' id='word_1_209' title='bbox 847 4042 971 4110; x_wconf 82' lang='lat' dir='ltr'><strong>suggest</strong></span> <span class='ocrx_word' id='word_1_210' title='bbox 997 4043 1030 4091; x_wconf 91' lang='lat' dir='ltr'><strong>to</strong></span> <span class='ocrx_word' id='word_1_211' title='bbox 1055 4052 1104 4091; x_wconf 90' lang='lat' dir='ltr'><strong>me</strong></span> <span class='ocrx_word' id='word_1_212' title='bbox 1135 4054 1153 4091; x_wconf 88' lang='lat' dir='ltr'><strong>a</strong></span> <span class='ocrx_word' id='word_1_213' title='bbox 1182 4030 1323 4089; x_wconf 89' lang='lat' dir='ltr'><strong>kite-like</strong></span> 
     </span>
    </p>

    <p class='ocr_par' dir='ltr' id='par_1_14' title="bbox 171 4121 1324 4205">
     <span class='ocr_line' id='line_1_31' title="bbox 171 4121 1324 4205; baseline 0.002 -24"><span class='ocrx_word' id='word_1_214' title='bbox 171 4130 236 4189; x_wconf 71' lang='lat'><strong>127.</strong></span> <span class='ocrx_word' id='word_1_215' title='bbox 281 4121 514 4192; x_wconf 80' lang='lat' dir='ltr'><strong>Glandiooidam,</strong></span> <span class='ocrx_word' id='word_1_216' title='bbox 528 4122 603 4201; x_wconf 82' lang='lat' dir='ltr'><strong>etc]</strong></span> <span class='ocrx_word' id='word_1_217' title='bbox 634 4122 698 4201; x_wconf 90' lang='lat' dir='ltr'><strong>Op·</strong></span> <span class='ocrx_word' id='word_1_218' title='bbox 748 4125 880 4205; x_wconf 86' lang='lat' dir='ltr'><strong>appetite</strong></span> <span class='ocrx_word' id='word_1_219' title='bbox 888 4129 911 4183; x_wconf 85' lang='lat'><strong>?&#39;</strong></span> <span class='ocrx_word' id='word_1_220' title='bbox 945 4125 1144 4185; x_wconf 89' lang='lat' dir='ltr'><strong>Proverbium</strong></span> <span class='ocrx_word' id='word_1_221' title='bbox 1160 4123 1324 4202; x_wconf 82' lang='lat' dir='ltr'><strong>Anglicum</strong></span> 
     </span>
    </p>

    <p class='ocr_par' dir='ltr' id='par_1_15' title="bbox 124 4217 1324 4397">
     <span class='ocr_line' id='line_1_32' title="bbox 124 4217 1324 4300; baseline -0.003 -21"><span class='ocrx_word' id='word_1_222' title='bbox 124 4221 200 4280; x_wconf 87' lang='lat' dir='ltr'><strong>time</strong></span> <span class='ocrx_word' id='word_1_223' title='bbox 208 4221 274 4279; x_wconf 87' lang='lat' dir='ltr'><strong>haec</strong></span> <span class='ocrx_word' id='word_1_224' title='bbox 284 4220 419 4279; x_wconf 85' lang='lat' dir='ltr'><strong>Parasito</strong></span> <span class='ocrx_word' id='word_1_225' title='bbox 427 4220 611 4291; x_wconf 86' lang='lat' dir='ltr'><strong>tribuuntur,</strong></span> <span class='ocrx_word' id='word_1_226' title='bbox 626 4230 661 4278; x_wconf 90' lang='lat' dir='ltr'><strong>ut</strong></span> <span class='ocrx_word' id='word_1_227' title='bbox 668 4220 700 4278; x_wconf 92' lang='lat' dir='ltr'><strong>id</strong></span> <span class='ocrx_word' id='word_1_228' title='bbox 750 4230 805 4290; x_wconf 83' lang='lat' dir='ltr'><strong>est,</strong></span> <span class='ocrx_word' id='word_1_229' title='bbox 827 4220 869 4278; x_wconf 83' lang='lat' dir='ltr'><strong>As</strong></span> <span class='ocrx_word' id='word_1_230' title='bbox 884 4219 1000 4300; x_wconf 71' lang='lat' dir='ltr'><strong>tungry</strong></span> <span class='ocrx_word' id='word_1_231' title='bbox 1019 4239 1054 4277; x_wconf 81' lang='lat' dir='ltr'><strong>oo</strong></span> <span class='ocrx_word' id='word_1_232' title='bbox 1073 4239 1092 4277; x_wconf 86' lang='grc' dir='ltr'><em>α</em></span> <span class='ocrx_word' id='word_1_233' title='bbox 1108 4217 1205 4298; x_wconf 82' lang='lat' dir='ltr'><strong>glead.</strong></span> <span class='ocrx_word' id='word_1_234' title='bbox 1245 4217 1324 4276; x_wconf 88' lang='lat' dir='ltr'><strong>Vide</strong></span> 
     </span>
     <span class='ocr_line' id='line_1_33' title="bbox 125 4317 899 4397; baseline -0.001 -20"><span class='ocrx_word' id='word_1_235' title='bbox 125 4338 224 4397; x_wconf 89' lang='lat' dir='ltr'><strong>genus</strong></span> <span class='ocrx_word' id='word_1_236' title='bbox 233 4317 390 4376; x_wconf 88' lang='lat' dir='ltr'><strong>hominum</strong></span> <span class='ocrx_word' id='word_1_237' title='bbox 400 4318 700 4377; x_wconf 84' lang='lat' dir='ltr'><strong>maximeistiusmodi</strong></span> <span class='ocrx_word' id='word_1_238' title='bbox 750 4320 783 4377; x_wconf 91' lang='lat' dir='ltr'><strong>in</strong></span> <span class='ocrx_word' id='word_1_239' title='bbox 803 4319 899 4378; x_wconf 82' lang='lat' dir='ltr'><strong>Glose.</strong></span> 
     </span>
    </p>
   </div>
   <div class='ocr_carea' id='block_1_13' title="bbox 1020 4437 1047 4487">
    <p class='ocr_par' dir='ltr' id='par_1_16' title="bbox 1020 4437 1047 4487">
     <span class='ocr_line' id='line_1_34' title="bbox 1020 4437 1047 4487; baseline 0 0"><span class='ocrx_word' id='word_1_240' title='bbox 1020 4437 1047 4487; x_wconf 91' lang='lat' dir='ltr'>D</span> 
     </span>
    </p>
   </div>
   <div class='ocr_carea' id='block_1_14' title="bbox 0 0 1546 5017">
    <p class='ocr_par' dir='ltr' id='par_1_17' title="bbox 0 0 1546 5017">
     <span class='ocr_line' id='line_1_35' title="bbox 0 0 1546 5017; baseline 0 0"><span class='ocrx_word' id='word_1_241' title='bbox 0 0 1546 5017; x_wconf 95' lang='lat' dir='ltr'><strong> </strong></span> 
     </span>
    </p>
   </div>
  </div>
 </body>
</html>
