3084 5017
537 482 587 544 IN
616 482 943 547 MENAECHMEI.
1247 485 1313 553 193

218 723 271 735 -—
327 674 479 769 Tenet]
513 683 680 744 Possesses
696 684 773 744 him.
815 687 884 746 Hoc
905 708 994 747 sensu
1011 689 1082 748 Juv.
1101 690 1162 749 Sat
1177 688 1250 746 V11.
1269 697 1315 748 51.

157 815 180 840 “
194 803 286 864 Tenet
299 797 462 863 insanabile
475 805 584 864 multos
599 805 756 866 Scribendi
770 807 951 866 eaooethes.”

211 999 279 1060 794.
327 978 449 1078 Curta]
476 995 492 1016 ”
502 992 563 1053 Hic
578 995 705 1054 sumitur
718 1016 775 1074 pro
788 999 922 1076 θεραπεία
935 997 1129 1058 medicorum.
1150 996 1222 1055 vid.
1232 995 1314 1053 Dos.

157 1108 201 1166 ad
220 1106 289 1166 Ter.
308 1107 386 1165 Eun.
406 1105 451 1165 ΙΙ.
470 1124 521 1163 111.
535 1114 583 1166 24.
625 1107 798 1167 “Reddunt
822 1118 964 1168 curatura
987 1110 1165 1189 junceas.”“
1205 1108 1315 1166 (im.

157 1217 267 1277 Verba
284 1216 316 1274 in
332 1217 389 1276 loc.
403 1217 453 1277 eit
466 1227 544 1288 sunt,
562 1220 579 1240 ''
589 1216 669 1277 vett.
684 1219 878 1280 Grammatici
899 1241 971 1279 cara
992 1221 1099 1280 dicunt
1116 1240 1179 1279 esse
1197 1214 1315 1287 mentis,

157 1327 277 1388 curatio
297 1327 463 1398 medicinae,
482 1336 623 1387 curatura
642 1328 824 1408 diligentiae3
847 1331 930 1408 quod
951 1330 1110 1389 discrimen
1130 1348 1192 1387 non
1207 1347 1315 1406 perpe·

157 1456 250 1504 tuum
264 1453 317 1502 est
352 1443 430 1502 Nam
444 1464 516 1502 cara
531 1453 561 1502 et
574 1444 686 1503 curatio
705 1465 783 1524 saepe
797 1446 835 1504 de
848 1466 972 1524 corpore
986 1445 1127 1504 dicitur.“

210 1613 279 1676 795·
327 1597 559 1690 sexcenties]
602 1609 875 1687 Frequentissimus
895 1609 978 1688 apud
992 1608 1115 1666 Veteres
1128 1606 1220 1686 hujus
1233 1605 1315 1664 vocis

158 1743 243 1790 usus,
255 1721 309 1780 ubi
322 1719 467 1796 infinitum
478 1740 551 1799 pene
564 1740 724 1781 numerum
734 1721 891 1800 designare
904 1722 1018 1780 volunt
1040 1721 1129 1779 Habe
1142 1740 1180 1778 ex
1189 1720 1314 1786 Nostro,

160 1832 274 1892 Bacch.
286 1841 355 1902 991.
397 1831 567 1890 “Sescenta
585 1843 667 1892 tanta
682 1833 833 1892 reddam?
872 1833 915 1913 (A
928 1833 1077 1893 thousand
1098 1833 1186 1910 fold.)
1228 1831 1314 1910 Capt.

160 1947 229 2007 648.
271 1943 527 2023 “Sescentoplago
548 1965 658 2004 nomen
679 1945 800 2004 indetur
821 1946 903 2006 tibi.'’
944 1947 1026 2022 (Vox
1045 1945 1181 2014 ridicula,
1203 1945 1313 2014 valens,

160 2058 296 2135 infinitas
314 2057 418 2135 plagas
431 2056 463 2113 in
475 2067 562 2134 tergo
574 2056 719 2137 habebis.)
759 2059 830 2116 Aul.
843 2067 910 2126 272.
952 2058 1121 2116 “Sescenta
1143 2068 1223 2127 sunt,
1245 2077 1314 2135 quae

160 2193 334 2243 memorem,
357 2172 381 2230 si
402 2172 441 2230 sit
460 2173 582 2231 otium.”
623 2173 715 2232 Persa
735 2181 802 2244 392.
824 2176 878 2234 &o
919 2175 1035 2234 Passim
1054 2175 1137 2254 apud
1158 2174 1221 2235 Cic.
1243 2194 1268 2233 e.
1282 2188 1313 2251 g.

160 2285 226 2342 Att.
248 2281 292 2339 11.
315 2289 360 2350 19.
380 2279 444 2338 init.
484 2288 514 2366 .“
522 2281 623 2340 Multa
643 2302 692 2341 me
707 2263 958 2342 sollicitant...et
974 2291 1108 2366 sescenta
1130 2286 1227 2342 sunt”
1267 2284 1314 2342 Ib.

161 2393 354 2454 v11.a.init.
396 2391 524 2450 “Venio
538 2393 575 2452 ad
589 2393 728 2471 epistolas
747 2403 824 2465 tuas,
844 2415 919 2473 quas
939 2401 1090 2456 sexcentas
1106 2417 1167 2456 uno
1179 2407 1314 2475 tempore

160 2499 289 2585 adcepi.”
330 2505 472 2565 Similiter
490 2505 572 2566 Hor.
595 2506 654 2565 Sat.
677 2507 702 2565 I.
724 2529 752 2566 v.
776 2516 821 2567 12.
863 2517 883 2544 ‘¹
893 2508 1049 2569 Trecentos
1071 2510 1193 2569 inseris!
1215 2509 1312 2569 ohe!’'

160 2619 223 2678 Ubi
237 2618 345 2676 Dora:
376 2619 392 2642 ''
407 2617 560 2676 Trecentos
577 2627 612 2675 ut
632 2627 787 2688 sexcentos,
809 2638 954 2678 numerus
973 2623 1121 2681 rotundus
1145 2622 1183 2680 de
1205 2641 1314 2699 magna

159 2733 277 2812 copia.“

209 2929 276 2980 800.
324 2907 495 3008 Flagiti]
544 2917 701 3000 12ssme
727 2917 885 2997 disgrace.
927 2920 996 2980 Hoc
1017 2941 1104 2981 sensu
1126 2923 1193 2981 Liv.
1210 2901 1311 2982 XXV.

162 3044 207 3096 15.
248 3031 435 3111 “Flagitium
457 3031 584 3110 imperio
605 3032 751 3092 demere.”
798 3031 879 3108 (The
900 3032 1068 3113 reproaeh.)
1107 3033 1177 3093 Alia
1198 3035 1311 3113 signifi-

159 3145 237 3205 catio
258 3143 357 3222 Supra
377 3151 444 3209 507.
457 3141 525 3201 621.

208 3335 276 3387 801.
325 3313 450 3415 Regi]
500 3324 569 3386 Ha
590 3331 722 3406 patron.
772 3329 851 3388 vide
873 3329 906 3387 in
928 3329 1015 3388 Note
1063 3330 1114 3390 sic
1135 3333 1219 3391 Asin.
1242 3342 1308 3404 893.

159 3440 298 3518 “Regem
318 3438 462 3517 perdidi.”
507 3440 591 3516 Capt.
606 3447 653 3497 24.
699 3440 816 3498 “Meus
838 3441 915 3497 res?
936 3442 989 3499 &a
1030 3442 1101 3502 Juv.
1123 3443 1309 3504 sas1.136.

158 3552 255 3612 “Rex
278 3552 412 3610 horum.''
451 3550 491 3610 V.
509 3559 553 3610 14.
606 3551 760 3630 “Inputat
783 3552 865 3612 hunc
886 3555 965 3610 rex?
996 3552 1028 3632 (i.
1051 3575 1077 3612 e.
1098 3555 1199 3615 cibum
1220 3578 1310 3635 quem

156 3670 266 3728 misero
287 3668 388 3728 clienti
408 3668 545 3748 praebet.)
578 3670 706 3730 1b.1so.
748 3672 854 3743 “Quis
868 3683 1001 3731 vestrum
1021 3676 1196 3734 temerarius
1213 3697 1309 3755 usque

157 3781 246 3841 adeo.
256 3826 263 3839 .
274 3791 323 3839 .ut
337 3779 418 3840 dicat
430 3779 493 3858 regi
506 3781 597 3839 bibe?
607 3783 623 3804 '¹
664 3781 725 3842 Ubi
740 3783 778 3841 de
792 3783 943 3842 Parasitis
956 3805 1053 3844 sermo
1066 3797 1119 3845 est.

205 3989 272 4040 804.
321 3970 556 4063 Educatust]
605 3979 696 4052 rtet,-
722 3983 909 4064 supported.
951 3987 1051 4066 Supra
1070 3998 1117 4048 22.

208 4194 276 4249 805.
324 4177 540 4274 Condlgne.]
577 4186 667 4260 ,Lite
684 4187 811 4271 herself
814 4213 825 4260 ;
849 4190 901 4267 (as
917 4211 973 4251 one
987 4192 1089 4251 would
1105 4205 1213 4270 expect
1229 4197 1307 4255 from

157 4299 232 4361 such
246 4297 449 4376 acharacter.)
476 4300 541 4358 Vox
555 4300 685 4372 comica,
701 4324 760 4380 qua
774 4323 852 4380 saepe
866 4324 938 4362 usus
951 4316 996 4364 est
1009 4304 1129 4375 Noster,
1144 4316 1175 4362 et
1191 4327 1307 4387 semper

705 4413 732 4469 B
746 4433 765 4470 B
