3084 5017
254 462 320 525 128
672 461 985 528 GLOSSARIUM

305 675 355 731 23.
403 654 590 748 Remeat]
626 666 804 739 Recrua'ts3
828 668 998 751 refraenes.
1047 673 1140 747 Quasi
1153 675 1248 734 macie
1261 685 1292 733 et
1304 673 1403 733 inedia

250 784 400 842 confectos
420 783 533 855 reficit3
561 785 644 861 quod
664 783 835 844 medicorum
854 787 976 866 proprie
995 797 1041 847 est
1060 787 1197 848 officium.
1356 794 1359 801 “

305 978 356 989 -
401 935 621 1009 Medicinam
640 931 759 1026 facit]
804 947 865 1005 Pro
878 949 1013 1007 medetur.
1036 947 1152 1006 Phaedr.
1168 949 1241 1008 Fab.
1252 948 1278 1005 Ι.
1294 967 1361 1006 vin.
1374 957 1400 1017 9.

249 1065 269 1091 “
278 1057 479 1116 Periculosam
482 1056 560 1136 fecit
573 1059 740 1119 medicinam
753 1061 854 1140 lupo.'’
888 1061 929 1119 Et
942 1079 1006 1120 xiv.
1020 1069 1047 1120 2.
1077 1059 1285 1125 “Medicinam
1299 1060 1401 1138 ignoto

238 1167 346 1245 secere
368 1169 506 1247 coepisset
532 1169 624 1228 loco.''
662 1169 777 1250 Amph.
799 1171 879 1228 Prol.
899 1179 946 1240 90.
987 1170 1099 1229 Facere
1119 1169 1298 1228 histroniam.
1340 1169 1400 1229 Ubi

248 1279 346 1337 simill.
361 1279 495 1357 congerit
507 1280 618 1338 Lama:
641 1280 780 1341 ”Facere
799 1282 1014 1359 argentariam
1036 1283 1210 1361 piraticnm3
1232 1293 1400 1359 unguenta-

247 1391 340 1462 rism3
361 1401 590 1452 mercaturam.“
604 1396 657 1452 &c
700 1394 785 1453 Idem
800 1394 872 1453 citat
885 1395 958 1453 Cist
973 1403 1019 1462 73.
1062 1404 1081 1430 “
1090 1396 1174 1454 Huic
1187 1396 1294 1454 morbo
1295 1395 1399 1474 facere

157 1559 161 1566 .
247 1504 442 1563 mdicinam.’'
481 1505 570 1566 Cure.
589 1514 652 1567 158.
694 1510 810 1566 “Anus
829 1510 957 1568 tremula
975 1508 1142 1568 medicinam
1151 1507 1263 1587 facit.”

302 1670 350 1721 ss.
403 1652 604 1746 Exstruit]
645 1661 735 1724 Pna
752 1683 809 1743 ap.
857 1667 948 1726 ovid.
970 1669 1043 1726 net.
1065 1667 1121 1725 xr.
1144 1675 1208 1727 120.
1251 1668 1398 1726 «mensas

245 1785 407 1836 exstructas
433 1777 588 1857 dapibus.''
628 1778 691 1838 cie.
712 1779 802 1838 Tusc
824 1778 861 1836 V.
882 1777 929 1837 62.
971 1779 1113 1836 “Mensa
1140 1777 1397 1854 conquisitissimis

245 1887 319 1946 cibis
339 1886 588 1947 exstruebantur?
628 1888 677 1948 De
691 1889 760 1947 Seu.
776 1896 823 1947 44.
865 1887 1011 1966 “Epulis,
1034 1885 1243 1966 exstructisque
1262 1887 1396 1945 mensis.''

299 2036 347 2096 26.
397 2027 552 2101 Struices
586 2023 813 2125 patinarias]
873 2032 991 2114 Heaps
1026 2032 1067 2113 of
1099 2032 1214 2094 distes.
1274 2037 1393 2095 Festus:

244 2150 402 2209 ”Str-uices
421 2151 537 2228 antiqui
563 2151 703 2210 dicebant
723 2151 857 2209 omnium
876 2170 976 2209 rerum
996 2149 1243 2208 exstructiones.“
1283 2147 1394 2214 Livius,

244 2265 331 2322 “Per
351 2262 473 2322 struices
493 2285 592 2324 saxeas
611 2265 696 2342 lapsu
717 2263 852 2322 accidit.”
893 2263 1053 2331 (laterum,
1074 2261 1138 2319 haec
1158 2280 1225 2330 vox,
1246 2259 1278 2317 ni
1299 2258 1392 2326 failor,

242 2373 341 2432 media
361 2373 427 2451 syll.
446 2374 601 2452 producta,
622 2373 845 2452 pronuntianda
863 2385 924 2432 est:
953 2373 987 2431 Si
1008 2372 1114 2450 regula
1132 2371 1179 2440 sit,
1201 2370 1299 2429 Voces
1315 2379 1393 2428 recto

243 2504 313 2543 casu
347 2483 379 2540 in
407 2483 437 2541 ia
471 2484 648 2554 desinentes,
680 2484 848 2561 genitivum
879 2504 934 2562 per
965 2482 1026 2552 icis,
1061 2482 1085 2562 (i
1114 2481 1230 2561 longa)
1260 2483 1390 2550 efficere;

241 2593 331 2652 modo
339 2591 481 2672 feminini
498 2595 613 2672 generis
633 2596 702 2667 sint,
723 2608 753 2656 et
772 2619 790 2656 a
810 2596 905 2656 verbis
925 2598 1106 2657 deriventur.

302 2788 352 2799 —
399 2738 627 2833 Continuat]
676 2750 752 2815 Sets
775 2756 854 2822 out‚·
882 2771 1051 2832 cruenges.
1099 2757 1223 2815 Festus:
1246 2756 1389 2816 ''Conda-

242 2884 321 2933 nare‚
344 2871 412 2942 apte
434 2874 643 2942 componere.“
682 2864 766 2924 Asin.
781 2873 848 2925 200.
890 2866 1041 2944 “Auceps
1064 2865 1185 2943 quando
1211 2865 1390 2924 concinnavit

240 2979 364 3036 aream.”
395 2977 462 3057 (has
487 2977 659 3057 prepared.)
700 2979 838 3050 Nonius3
866 2978 1006 3037 ’'Cinnus
1032 2989 1077 3037 est
1103 2978 1271 3036 commistio
1298 2977 1389 3056 pluri·

239 3115 375 3166 morum;
403 3095 483 3154 unde
507 3105 537 3155 et
559 3093 763 3154 concinnare.“
803 3095 896 3174 Apud
923 3093 1070 3153 Nostrum
1097 3104 1142 3152 est
1167 3093 1241 3161 fere,
1269 3094 1389 3160 efficere,

238 3207 380 3266 reddere:
403 3208 514 3287 Amph.
529 3216 595 3275 373.
638 3210 896 3268 “Lacrumantem
914 3228 949 3267 ex
969 3208 1052 3267 abitu
1070 3206 1225 3267 concinnas
1243 3211 1389 3266 uxorem”

239 3327 305 3386 573.
347 3318 469 3377 “Nulla
487 3339 535 3378 res
554 3329 615 3377 tam
635 3318 789 3378 delirantis
808 3318 944 3378 homines
964 3317 1115 3376 concinnat
1136 3317 1221 3376 cito.”

295 3480 343 3538 27.
393 3459 539 3553 Lecta]
588 3470 707 3534 Conch.
756 3476 854 3535 Intell.
876 3474 1054 3540 triclinium
1076 3475 1182 3552 inquo
1195 3472 1389 3531 accumbentes

237 3585 340 3644 cibum
353 3604 469 3643 sumere
482 3604 547 3642 mos
560 3594 640 3656 erat3
655 3585 708 3644 sed
721 3585 750 3642 h.
765 3585 783 3642 l.
798 3595 859 3643 tam
873 3585 905 3643 in
918 3584 1012 3643 altum
1024 3593 1206 3662 aggeruntur
1220 3582 1343 3650 fercula,
1357 3591 1388 3639 ut

225 3659 356 3757 ⁸necesse
370 3697 407 3754 sit
421 3703 508 3765 stare,
524 3695 548 3754 si
562 3694 630 3773 quis
643 3695 681 3755 de
696 3713 811 3754 summa
825 3696 934 3755 struice
948 3694 1023 3773 quid
1036 3694 1116 3753 velit.

296 3874 343 3926 es.
397 3855 479 3930 Hos
504 3856 579 3929 dies
605 3853 765 3946 multos]
822 3859 927 3922 Thess
955 3878 1055 3939 many
1086 3858 1175 3938 days.
1230 3861 1250 3917 i.
1260 3881 1285 3918 e.
1320 3860 1385 3918 Jam

237 3981 323 4039 multi
344 3979 408 4037 dies
428 3988 498 4036 sunt
517 3998 553 4036 ex
573 3998 633 4056 quo
653 3977 760 4035 harum
779 3995 879 4034 rerum
900 3973 975 4032 mihi
1000 3972 1179 4032 intermissio
1198 3970 1265 4028 fuit
1308 3968 1386 4027 Rus.

239 4101 284 4152 55.
326 4091 424 4151 “Jam
437 4089 626 4149 intervallum
641 4088 691 4148 hos
704 4087 766 4146 dies
783 4088 885 4146 multos
900 4087 986 4145 fuit”
1016 4085 1102 4156 Asin.
1117 4091 1182 4154 409.
1216 4081 1385 4141 “Triduom

238 4205 289 4264 hoc
302 4205 415 4262 unum.”
449 4200 560 4280 (These
578 4201 663 4260 three
684 4201 742 4260 last
764 4197 863 4279 days.)
897 4198 1100 4258 Phaedr.Fab.
1117 4198 1174 4256 1.1.
1192 4204 1237 4256 10.
1279 4197 1385 4254 “Ante

233 4317 288 4375 nos
308 4335 357 4373 sea
377 4333 484 4372 nenses
502 4313 580 4371 male
600 4311 699 4372 dixisti
719 4310 819 4370 mihi.”
860 4310 938 4370 Vide
958 4310 1043 4370 Infra
1062 4315 1128 4369 285.
