<?xml version="1.0" encoding="UTF-8"?>
<!DOCTYPE html PUBLIC "-//W3C//DTD XHTML 1.0 Transitional//EN"
    "http://www.w3.org/TR/xhtml1/DTD/xhtml1-transitional.dtd">
<html xmlns="http://www.w3.org/1999/xhtml" xml:lang="en" lang="en">
 <head>
  <title>
</title>
<meta http-equiv="Content-Type" content="text/html;charset=utf-8" />
  <meta name='ocr-system' content='tesseract 3.04.00' />
  <meta name='ocr-capabilities' content='ocr_page ocr_carea ocr_par ocr_line ocrx_word'/>
</head>
<body>
  <div class='ocr_page' id='page_1' title='image "./maplautimenaech00hildgoog_0038.png"; bbox 0 0 3084 5017; ppageno 0'>
   <div class='ocr_carea' id='block_1_1' title="bbox 676 479 994 542">
    <p class='ocr_par' dir='ltr' id='par_1_1' title="bbox 676 479 994 542">
     <span class='ocr_line' id='line_1_1' title="bbox 676 479 994 542; baseline 0.003 -2"><span class='ocrx_word' id='word_1_1' title='bbox 676 479 725 540; x_wconf 91' lang='lat' dir='ltr'><strong>M.</strong></span> <span class='ocrx_word' id='word_1_2' title='bbox 750 479 788 540; x_wconf 78' lang='lat' dir='ltr'><strong>A.</strong></span> <span class='ocrx_word' id='word_1_3' title='bbox 816 479 994 542; x_wconf 83' lang='lat' dir='ltr'><strong>PLAUTI</strong></span> 
     </span>
    </p>
   </div>
   <div class='ocr_carea' id='block_1_2' title="bbox 249 675 1439 1026">
    <p class='ocr_par' dir='ltr' id='par_1_2' title="bbox 249 675 1439 1026">
     <span class='ocr_line' id='line_1_2' title="bbox 347 675 1438 791; baseline -0.004 -42"><span class='ocrx_word' id='word_1_4' title='bbox 347 676 477 774; x_wconf 87' lang='lat' dir='ltr'><strong>Neque</strong></span> <span class='ocrx_word' id='word_1_5' title='bbox 498 675 615 763; x_wconf 91' lang='lat' dir='ltr'><strong>hodie,</strong></span> <span class='ocrx_word' id='word_1_6' title='bbox 642 692 684 751; x_wconf 93' lang='lat' dir='ltr'><strong>ut</strong></span> <span class='ocrx_word' id='word_1_7' title='bbox 706 690 743 752; x_wconf 88' lang='lat' dir='ltr'><strong>te</strong></span> <span class='ocrx_word' id='word_1_8' title='bbox 765 680 922 777; x_wconf 89' lang='lat' dir='ltr'><strong>perdam,</strong></span> <span class='ocrx_word' id='word_1_9' title='bbox 946 703 1099 791; x_wconf 76' lang='lat' dir='ltr'><strong>meream</strong></span> <span class='ocrx_word' id='word_1_10' title='bbox 1126 678 1271 752; x_wconf 89' lang='lat' dir='ltr'><strong>deorum</strong></span> <span class='ocrx_word' id='word_1_11' title='bbox 1293 677 1438 749; x_wconf 87' lang='lat' dir='ltr'><strong>divitias</strong></span> 
     </span>
     <span class='ocr_line' id='line_1_3' title="bbox 499 801 599 875; baseline 0.01 -1"><span class='ocrx_word' id='word_1_12' title='bbox 499 801 599 875; x_wconf 91' lang='lat' dir='ltr'><strong>mihi.</strong></span> 
     </span>
     <span class='ocr_line' id='line_1_4' title="bbox 249 926 1439 1026; baseline -0.007 -29"><span class='ocrx_word' id='word_1_13' title='bbox 249 926 323 997; x_wconf 82' lang='lat' dir='ltr'><strong>Eu.</strong></span> <span class='ocrx_word' id='word_1_14' title='bbox 348 926 507 1001; x_wconf 87' lang='lat' dir='ltr'><strong>Evocate</strong></span> <span class='ocrx_word' id='word_1_15' title='bbox 517 930 616 1002; x_wconf 89' lang='lat' dir='ltr'><strong>intus</strong></span> <span class='ocrx_word' id='word_1_16' title='bbox 627 929 839 1026; x_wconf 71' lang='lat' dir='ltr'><strong>cylindrum</strong></span> <span class='ocrx_word' id='word_1_17' title='bbox 852 928 942 1003; x_wconf 92' lang='lat' dir='ltr'><strong>mihi</strong></span> <span class='ocrx_word' id='word_1_18' title='bbox 953 955 1073 1003; x_wconf 85' lang='lat' dir='ltr'><strong>cocum</strong></span> <span class='ocrx_word' id='word_1_19' title='bbox 1085 938 1246 1003; x_wconf 83' lang='lat' dir='ltr'><strong>actutum</strong></span> <span class='ocrx_word' id='word_1_20' title='bbox 1257 926 1359 1000; x_wconf 83' lang='lat' dir='ltr'><strong>foras!</strong></span> <span class='ocrx_word' id='word_1_21' title='bbox 1387 940 1439 992; x_wconf 82' lang='lat'><strong>135</strong></span> 
     </span>
    </p>
   </div>
   <div class='ocr_carea' id='block_1_3' title="bbox 609 1387 1069 1451">
    <p class='ocr_par' dir='ltr' id='par_1_3' title="bbox 609 1387 1069 1451">
     <span class='ocr_line' id='line_1_5' title="bbox 609 1387 1069 1451; baseline -0.007 0"><span class='ocrx_word' id='word_1_22' title='bbox 609 1389 717 1451; x_wconf 88' lang='grc' dir='ltr'><strong>ΑΟΤ.</strong></span> <span class='ocrx_word' id='word_1_23' title='bbox 751 1390 779 1451; x_wconf 91' lang='lat'><strong>1.</strong></span> <span class='ocrx_word' id='word_1_24' title='bbox 828 1388 983 1451; x_wconf 87' lang='lat' dir='ltr'><strong>SCENA</strong></span> <span class='ocrx_word' id='word_1_25' title='bbox 1011 1387 1069 1450; x_wconf 91' lang='lat' dir='ltr'><strong>IV.</strong></span> 
     </span>
    </p>
   </div>
   <div class='ocr_carea' id='block_1_4' title="bbox 627 1585 1053 1636">
    <p class='ocr_par' dir='ltr' id='par_1_4' title="bbox 627 1585 1053 1636">
     <span class='ocr_line' id='line_1_6' title="bbox 627 1585 1053 1636; baseline 0.007 -3"><span class='ocrx_word' id='word_1_26' title='bbox 627 1585 804 1635; x_wconf 81' lang='lat' dir='ltr'><strong>EROTIUM.</strong></span> <span class='ocrx_word' id='word_1_27' title='bbox 840 1586 1053 1636; x_wconf 82' lang='lat' dir='ltr'><strong>CYLINDRUS.</strong></span> 
     </span>
    </p>
   </div>
   <div class='ocr_carea' id='block_1_5' title="bbox 246 1750 1436 1854">
    <p class='ocr_par' dir='ltr' id='par_1_5' title="bbox 246 1750 1436 1854">
     <span class='ocr_line' id='line_1_7' title="bbox 246 1750 1436 1854; baseline 0 -32"><span class='ocrx_word' id='word_1_28' title='bbox 246 1750 322 1823; x_wconf 83' lang='lat' dir='ltr'><strong>Eu.</strong></span> <span class='ocrx_word' id='word_1_29' title='bbox 348 1751 552 1851; x_wconf 78' lang='lat' dir='ltr'><strong>sportulam</strong></span> <span class='ocrx_word' id='word_1_30' title='bbox 579 1781 664 1854; x_wconf 86' lang='lat' dir='ltr'><strong>cape</strong></span> <span class='ocrx_word' id='word_1_31' title='bbox 692 1766 800 1854; x_wconf 84' lang='lat' dir='ltr'><strong>atque</strong></span> <span class='ocrx_word' id='word_1_32' title='bbox 827 1767 1025 1854; x_wconf 85' lang='lat' dir='ltr'><strong>argentum.</strong></span> <span class='ocrx_word' id='word_1_33' title='bbox 1078 1754 1192 1827; x_wconf 84' lang='lat' dir='ltr'><strong>Eccos</strong></span> <span class='ocrx_word' id='word_1_34' title='bbox 1222 1754 1287 1826; x_wconf 90' lang='lat' dir='ltr'><strong>tris</strong></span> <span class='ocrx_word' id='word_1_35' title='bbox 1312 1776 1436 1825; x_wconf 90' lang='lat' dir='ltr'>numos</span> 
     </span>
    </p>
   </div>
   <div class='ocr_carea' id='block_1_6' title="bbox 246 1879 612 2078">
    <p class='ocr_par' dir='ltr' id='par_1_6' title="bbox 246 1879 612 2078">
     <span class='ocr_line' id='line_1_8' title="bbox 494 1879 612 1954; baseline 0.017 -2"><span class='ocrx_word' id='word_1_36' title='bbox 494 1879 612 1954; x_wconf 85' lang='lat' dir='ltr'><strong>habes.</strong></span> 
     </span>
     <span class='ocr_line' id='line_1_9' title="bbox 246 2001 483 2078; baseline 0.021 -5"><span class='ocrx_word' id='word_1_37' title='bbox 246 2001 318 2076; x_wconf 99' lang='grc' dir='ltr'><strong>ΟΥ.</strong></span> <span class='ocrx_word' id='word_1_38' title='bbox 346 2003 483 2078; x_wconf 86' lang='lat' dir='ltr'><strong>Habeo.</strong></span> 
     </span>
    </p>
   </div>
   <div class='ocr_carea' id='block_1_7' title="bbox 305 2127 1434 2228">
    <p class='ocr_par' dir='ltr' id='par_1_7' title="bbox 305 2127 1434 2228">
     <span class='ocr_line' id='line_1_10' title="bbox 305 2127 1434 2228; baseline -0.002 -29"><span class='ocrx_word' id='word_1_39' title='bbox 305 2128 381 2201; x_wconf 79' lang='lat' dir='ltr'><strong>ER.</strong></span> <span class='ocrx_word' id='word_1_40' title='bbox 396 2130 471 2202; x_wconf 88' lang='lat' dir='ltr'><strong>Abi</strong></span> <span class='ocrx_word' id='word_1_41' title='bbox 482 2140 591 2228; x_wconf 89' lang='lat' dir='ltr'><strong>atque</strong></span> <span class='ocrx_word' id='word_1_42' title='bbox 600 2133 785 2207; x_wconf 89' lang='lat' dir='ltr'><strong>obsonium</strong></span> <span class='ocrx_word' id='word_1_43' title='bbox 797 2132 904 2207; x_wconf 85' lang='lat' dir='ltr'><strong>adfer.</strong></span> <span class='ocrx_word' id='word_1_44' title='bbox 932 2132 1065 2204; x_wconf 89' lang='lat' dir='ltr'>Tribus</span> <span class='ocrx_word' id='word_1_45' title='bbox 1078 2131 1160 2204; x_wconf 90' lang='lat' dir='ltr'><strong>vide</strong></span> <span class='ocrx_word' id='word_1_46' title='bbox 1171 2128 1267 2226; x_wconf 91' lang='lat' dir='ltr'><strong>quod</strong></span> <span class='ocrx_word' id='word_1_47' title='bbox 1278 2132 1324 2203; x_wconf 93' lang='lat' dir='ltr'><strong>sit</strong></span> <span class='ocrx_word' id='word_1_48' title='bbox 1335 2127 1434 2209; x_wconf 85' lang='lat' dir='ltr'><strong>satis3</strong></span> 
     </span>
    </p>
   </div>
   <div class='ocr_carea' id='block_1_8' title="bbox 344 2250 1433 2479">
    <p class='ocr_par' dir='ltr' id='par_1_8' title="bbox 344 2250 1433 2479">
     <span class='ocr_line' id='line_1_11' title="bbox 344 2250 925 2357; baseline 0.009 -32"><span class='ocrx_word' id='word_1_49' title='bbox 344 2250 475 2350; x_wconf 88' lang='lat' dir='ltr'><strong>Neque</strong></span> <span class='ocrx_word' id='word_1_50' title='bbox 492 2255 612 2340; x_wconf 89' lang='lat' dir='ltr'><strong>defiat,</strong></span> <span class='ocrx_word' id='word_1_51' title='bbox 630 2282 745 2354; x_wconf 91' lang='lat' dir='ltr'><strong>neque</strong></span> <span class='ocrx_word' id='word_1_52' title='bbox 762 2259 925 2357; x_wconf 84' lang='lat' dir='ltr'><strong>supersit.</strong></span> 
     </span>
     <span class='ocr_line' id='line_1_12' title="bbox 723 2377 1433 2479; baseline -0.015 -22"><span class='ocrx_word' id='word_1_53' title='bbox 723 2384 794 2456; x_wconf 90' lang='grc' dir='ltr'><strong>ΟΥ.</strong></span> <span class='ocrx_word' id='word_1_54' title='bbox 814 2380 1053 2479; x_wconf 83' lang='lat' dir='ltr'><strong>Quojusmodi</strong></span> <span class='ocrx_word' id='word_1_55' title='bbox 1071 2379 1110 2453; x_wconf 96' lang='lat' dir='ltr'><strong>hi</strong></span> <span class='ocrx_word' id='word_1_56' title='bbox 1125 2379 1289 2452; x_wconf 90' lang='lat' dir='ltr'><strong>homiues</strong></span> <span class='ocrx_word' id='word_1_57' title='bbox 1306 2377 1433 2451; x_wconf 86' lang='lat' dir='ltr'><strong>erunt?</strong></span> 
     </span>
    </p>
   </div>
   <div class='ocr_carea' id='block_1_9' title="bbox 245 2493 1435 2705">
    <p class='ocr_par' dir='ltr' id='par_1_9' title="bbox 245 2493 1435 2705">
     <span class='ocr_line' id='line_1_13' title="bbox 245 2493 1122 2606; baseline 0.002 -30"><span class='ocrx_word' id='word_1_58' title='bbox 245 2493 324 2579; x_wconf 66' lang='lat' dir='ltr'><strong>En.</strong></span> <span class='ocrx_word' id='word_1_59' title='bbox 345 2504 439 2602; x_wconf 90' lang='lat' dir='ltr'><strong>Ego,</strong></span> <span class='ocrx_word' id='word_1_60' title='bbox 457 2516 495 2578; x_wconf 92' lang='lat' dir='ltr'><strong>et</strong></span> <span class='ocrx_word' id='word_1_61' title='bbox 512 2505 772 2593; x_wconf 73' lang='lat' dir='ltr'><strong>Menaechmus,</strong></span> <span class='ocrx_word' id='word_1_62' title='bbox 790 2520 828 2583; x_wconf 92' lang='lat' dir='ltr'><strong>et</strong></span> <span class='ocrx_word' id='word_1_63' title='bbox 843 2509 1019 2606; x_wconf 86' lang='lat' dir='ltr'><strong>parasitus</strong></span> <span class='ocrx_word' id='word_1_64' title='bbox 1037 2504 1122 2603; x_wconf 88' lang='lat' dir='ltr'><strong>ejus.</strong></span> 
     </span>
     <span class='ocr_line' id='line_1_14' title="bbox 932 2629 1435 2705; baseline -0.02 0"><span class='ocrx_word' id='word_1_65' title='bbox 932 2630 1007 2705; x_wconf 85' lang='lat' dir='ltr'><strong>CY.</strong></span> <span class='ocrx_word' id='word_1_66' title='bbox 1025 2632 1053 2705; x_wconf 91' lang='lat' dir='ltr'><strong>J</strong></span> <span class='ocrx_word' id='word_1_67' title='bbox 1053 2658 1111 2705; x_wconf 86' lang='lat' dir='ltr'><strong>am</strong></span> <span class='ocrx_word' id='word_1_68' title='bbox 1124 2633 1186 2705; x_wconf 88' lang='lat' dir='ltr'><strong>isti</strong></span> <span class='ocrx_word' id='word_1_69' title='bbox 1198 2642 1284 2704; x_wconf 89' lang='lat' dir='ltr'><strong>sunt</strong></span> <span class='ocrx_word' id='word_1_70' title='bbox 1297 2629 1435 2703; x_wconf 82' lang='lat' dir='ltr'><strong>decem:</strong></span> 
     </span>
    </p>
   </div>
   <div class='ocr_carea' id='block_1_10' title="bbox 244 2752 1422 2967">
    <p class='ocr_par' dir='ltr' id='par_1_10' title="bbox 244 2752 1422 2967">
     <span class='ocr_line' id='line_1_15' title="bbox 343 2752 1422 2854; baseline -0.004 -28"><span class='ocrx_word' id='word_1_71' title='bbox 343 2752 442 2827; x_wconf 85' lang='lat' dir='ltr'><strong>Nam</strong></span> <span class='ocrx_word' id='word_1_72' title='bbox 465 2756 642 2854; x_wconf 84' lang='lat' dir='ltr'><strong>parasitus</strong></span> <span class='ocrx_word' id='word_1_73' title='bbox 663 2767 740 2828; x_wconf 86' lang='lat' dir='ltr'><strong>ooto</strong></span> <span class='ocrx_word' id='word_1_74' title='bbox 761 2755 949 2828; x_wconf 87' lang='lat' dir='ltr'><strong>hominum</strong></span> <span class='ocrx_word' id='word_1_75' title='bbox 973 2781 1105 2829; x_wconf 91' lang='lat' dir='ltr'><strong>munus</strong></span> <span class='ocrx_word' id='word_1_76' title='bbox 1127 2755 1232 2831; x_wconf 79' lang='lat' dir='ltr'><strong>facile</strong></span> <span class='ocrx_word' id='word_1_77' title='bbox 1251 2755 1422 2853; x_wconf 83' lang='lat' dir='ltr'><strong>fungitur.</strong></span> 
     </span>
     <span class='ocr_line' id='line_1_16' title="bbox 244 2877 1097 2967; baseline 0.002 -16"><span class='ocrx_word' id='word_1_78' title='bbox 244 2877 319 2951; x_wconf 80' lang='lat' dir='ltr'><strong>ER.</strong></span> <span class='ocrx_word' id='word_1_79' title='bbox 343 2877 500 2952; x_wconf 84' lang='lat' dir='ltr'><strong>Elocuta</strong></span> <span class='ocrx_word' id='word_1_80' title='bbox 518 2903 598 2951; x_wconf 91' lang='lat' dir='ltr'><strong>sum</strong></span> <span class='ocrx_word' id='word_1_81' title='bbox 614 2880 799 2967; x_wconf 80' lang='lat' dir='ltr'><strong>convivas3</strong></span> <span class='ocrx_word' id='word_1_82' title='bbox 828 2891 985 2953; x_wconf 85' lang='lat' dir='ltr'><strong>ceterum</strong></span> <span class='ocrx_word' id='word_1_83' title='bbox 1004 2907 1097 2955; x_wconf 88' lang='lat' dir='ltr'><strong>eura.</strong></span> 
     </span>
    </p>
   </div>
   <div class='ocr_carea' id='block_1_11' title="bbox 1093 3002 1434 3078">
    <p class='ocr_par' dir='ltr' id='par_1_11' title="bbox 1093 3002 1434 3078">
     <span class='ocr_line' id='line_1_17' title="bbox 1093 3002 1434 3078; baseline -0.003 0"><span class='ocrx_word' id='word_1_84' title='bbox 1093 3005 1165 3078; x_wconf 90' lang='grc' dir='ltr'><strong>ΟΥ.</strong></span> <span class='ocrx_word' id='word_1_85' title='bbox 1193 3002 1310 3077; x_wconf 88' lang='lat' dir='ltr'><strong>Licet.</strong></span> <span class='ocrx_word' id='word_1_86' title='bbox 1385 3014 1434 3068; x_wconf 75' lang='lat'><strong>141</strong></span> 
     </span>
    </p>
   </div>
   <div class='ocr_carea' id='block_1_12' title="bbox 243 3198 1438 3411">
    <p class='ocr_par' dir='ltr' id='par_1_12' title="bbox 243 3198 1438 3411">
     <span class='ocr_line' id='line_1_18' title="bbox 302 3198 1438 3261; baseline -0.009 -6"><span class='ocrx_word' id='word_1_87' title='bbox 302 3215 326 3247; x_wconf 78' lang='lat' dir='ltr'><strong>v·</strong></span> <span class='ocrx_word' id='word_1_88' title='bbox 341 3200 393 3246; x_wconf 80' lang='lat'><strong>134·</strong></span> <span class='ocrx_word' id='word_1_89' title='bbox 418 3198 528 3255; x_wconf 63' lang='lat' dir='ltr'><strong>Deorum,</strong></span> <span class='ocrx_word' id='word_1_90' title='bbox 542 3200 638 3249; x_wconf 86' lang='lat' dir='ltr'><strong>vocales</strong></span> <span class='ocrx_word' id='word_1_91' title='bbox 653 3216 665 3247; x_wconf 81' lang='lat' dir='ltr'><strong>e</strong></span> <span class='ocrx_word' id='word_1_92' title='bbox 678 3209 726 3249; x_wconf 87' lang='lat' dir='ltr'><strong>eto</strong></span> <span class='ocrx_word' id='word_1_93' title='bbox 741 3220 783 3261; x_wconf 88' lang='lat' dir='ltr'><strong>per</strong></span> <span class='ocrx_word' id='word_1_94' title='bbox 795 3205 872 3253; x_wconf 77' lang='lat' dir='ltr'><strong>cresin</strong></span> <span class='ocrx_word' id='word_1_95' title='bbox 886 3204 1033 3253; x_wconf 84' lang='lat' dir='ltr'><strong>coalescunt.</strong></span> <span class='ocrx_word' id='word_1_96' title='bbox 1063 3204 1188 3253; x_wconf 83' lang='lat'><strong>136-142.</strong></span> <span class='ocrx_word' id='word_1_97' title='bbox 1204 3203 1291 3251; x_wconf 89' lang='lat' dir='ltr'><strong>Troch.</strong></span> <span class='ocrx_word' id='word_1_98' title='bbox 1306 3203 1370 3249; x_wconf 87' lang='lat' dir='ltr'><strong>Tetr.</strong></span> <span class='ocrx_word' id='word_1_99' title='bbox 1387 3200 1438 3249; x_wconf 90' lang='lat' dir='ltr'><strong>Cat.</strong></span> 
     </span>
     <span class='ocr_line' id='line_1_19' title="bbox 245 3272 1438 3336; baseline 0 -16"><span class='ocrx_word' id='word_1_100' title='bbox 245 3272 295 3321; x_wconf 75' lang='lat'><strong>1³6.</strong></span> <span class='ocrx_word' id='word_1_101' title='bbox 311 3272 449 3330; x_wconf 77' lang='lat' dir='ltr'><strong>Argentum,</strong></span> <span class='ocrx_word' id='word_1_102' title='bbox 468 3287 517 3319; x_wconf 92' lang='lat' dir='ltr'><strong>non</strong></span> <span class='ocrx_word' id='word_1_103' title='bbox 531 3272 648 3330; x_wconf 81' lang='lat' dir='ltr'><strong>liquescit.</strong></span> <span class='ocrx_word' id='word_1_104' title='bbox 667 3272 758 3333; x_wconf 87' lang='lat' dir='ltr'><strong>[Supra</strong></span> <span class='ocrx_word' id='word_1_105' title='bbox 774 3275 822 3336; x_wconf 83' lang='lat' dir='ltr'><strong>l&#39;l.]</strong></span> <span class='ocrx_word' id='word_1_106' title='bbox 856 3276 909 3321; x_wconf 84' lang='lat'><strong>137.</strong></span> <span class='ocrx_word' id='word_1_107' title='bbox 925 3274 1017 3323; x_wconf 83' lang='lat' dir='ltr'><strong>Tribu’.</strong></span> <span class='ocrx_word' id='word_1_108' title='bbox 1048 3278 1099 3324; x_wconf 81' lang='lat'><strong>139.</strong></span> <span class='ocrx_word' id='word_1_109' title='bbox 1115 3277 1156 3335; x_wconf 86' lang='lat' dir='ltr'><strong>Et,</strong></span> <span class='ocrx_word' id='word_1_110' title='bbox 1178 3276 1259 3335; x_wconf 86' lang='lat' dir='ltr'><strong>rapide</strong></span> <span class='ocrx_word' id='word_1_111' title='bbox 1275 3275 1438 3335; x_wconf 83' lang='lat' dir='ltr'><strong>pronuntiand.</strong></span> 
     </span>
     <span class='ocr_line' id='line_1_20' title="bbox 243 3343 1347 3411; baseline 0.004 -18"><span class='ocrx_word' id='word_1_112' title='bbox 243 3354 271 3393; x_wconf 89' lang='lat' dir='ltr'><strong>ut</strong></span> <span class='ocrx_word' id='word_1_113' title='bbox 284 3360 327 3405; x_wconf 88' lang='lat' dir='ltr'><strong>pro</strong></span> <span class='ocrx_word' id='word_1_114' title='bbox 340 3343 407 3392; x_wconf 83' lang='lat' dir='ltr'><strong>brevi</strong></span> <span class='ocrx_word' id='word_1_115' title='bbox 419 3344 475 3401; x_wconf 85' lang='lat' dir='ltr'><strong>syll.</strong></span> <span class='ocrx_word' id='word_1_116' title='bbox 488 3344 527 3392; x_wconf 83' lang='lat' dir='ltr'><strong>sit.</strong></span> <span class='ocrx_word' id='word_1_117' title='bbox 542 3345 605 3405; x_wconf 86' lang='lat' dir='ltr'><strong>(Vel</strong></span> <span class='ocrx_word' id='word_1_118' title='bbox 619 3361 700 3393; x_wconf 87' lang='lat' dir='ltr'><strong>versus</strong></span> <span class='ocrx_word' id='word_1_119' title='bbox 713 3356 749 3395; x_wconf 85' lang='lat' dir='ltr'><strong>est</strong></span> <span class='ocrx_word' id='word_1_120' title='bbox 763 3350 840 3397; x_wconf 84' lang='lat' dir='ltr'><strong>Iamb.</strong></span> <span class='ocrx_word' id='word_1_121' title='bbox 856 3350 920 3397; x_wconf 86' lang='lat' dir='ltr'><strong>Tetr.</strong></span> <span class='ocrx_word' id='word_1_122' title='bbox 935 3350 999 3407; x_wconf 87' lang='lat' dir='ltr'><strong>quod</strong></span> <span class='ocrx_word' id='word_1_123' title='bbox 1014 3351 1106 3398; x_wconf 87' lang='lat' dir='ltr'><strong>mavult</strong></span> <span class='ocrx_word' id='word_1_124' title='bbox 1122 3352 1166 3411; x_wconf 89' lang='lat' dir='ltr'><strong>B.)</strong></span> <span class='ocrx_word' id='word_1_125' title='bbox 1199 3352 1251 3398; x_wconf 78' lang='lat'><strong>140.</strong></span> <span class='ocrx_word' id='word_1_126' title='bbox 1268 3350 1347 3397; x_wconf 85' lang='lat' dir='ltr'><strong>Octod.</strong></span> 
     </span>
    </p>
   </div>
   <div class='ocr_carea' id='block_1_13' title="bbox 244 3503 1435 3867">
    <p class='ocr_par' dir='ltr' id='par_1_13' title="bbox 244 3503 1435 3867">
     <span class='ocr_line' id='line_1_21' title="bbox 285 3503 1435 3593; baseline 0.01 -32"><span class='ocrx_word' id='word_1_127' title='bbox 285 3512 351 3564; x_wconf 79' lang='lat'><strong>134.</strong></span> <span class='ocrx_word' id='word_1_128' title='bbox 396 3503 436 3560; x_wconf 83' lang='lat' dir='ltr'><strong>Ut</strong></span> <span class='ocrx_word' id='word_1_129' title='bbox 455 3511 482 3560; x_wconf 79' lang='lat' dir='ltr'><strong>re</strong></span> <span class='ocrx_word' id='word_1_130' title='bbox 497 3505 650 3583; x_wconf 76' lang='lat' dir='ltr'><strong>perdam]</strong></span> <span class='ocrx_word' id='word_1_131' title='bbox 689 3506 817 3589; x_wconf 88' lang='lat' dir='ltr'><strong>Interpr.</strong></span> <span class='ocrx_word' id='word_1_132' title='bbox 869 3510 1071 3571; x_wconf 64' lang='lat' dir='ltr'><strong>Athenaeum:</strong></span> <span class='ocrx_word' id='word_1_133' title='bbox 1108 3513 1171 3585; x_wconf 82' lang='lat' dir='ltr'><strong>Qui</strong></span> <span class='ocrx_word' id='word_1_134' title='bbox 1194 3514 1347 3593; x_wconf 80' lang='lat' dir='ltr'><strong>ingeniose</strong></span> <span class='ocrx_word' id='word_1_135' title='bbox 1369 3514 1435 3573; x_wconf 80' lang='lat' dir='ltr'><strong>eda-</strong></span> 
     </span>
     <span class='ocr_line' id='line_1_22' title="bbox 244 3600 1434 3679; baseline 0.006 -21"><span class='ocrx_word' id='word_1_136' title='bbox 244 3602 338 3679; x_wconf 86' lang='lat' dir='ltr'><strong>Angl.</strong></span> <span class='ocrx_word' id='word_1_137' title='bbox 380 3600 413 3657; x_wconf 90' lang='lat' dir='ltr'><strong>‘I</strong></span> <span class='ocrx_word' id='word_1_138' title='bbox 428 3600 530 3657; x_wconf 87' lang='lat' dir='ltr'><strong>would</strong></span> <span class='ocrx_word' id='word_1_139' title='bbox 541 3610 595 3660; x_wconf 92' lang='lat' dir='ltr'><strong>not</strong></span> <span class='ocrx_word' id='word_1_140' title='bbox 606 3601 669 3659; x_wconf 87' lang='lat' dir='ltr'><strong>lose</strong></span> <span class='ocrx_word' id='word_1_141' title='bbox 682 3622 752 3679; x_wconf 85' lang='lat' dir='ltr'><strong>you,</strong></span> <span class='ocrx_word' id='word_1_142' title='bbox 766 3618 819 3665; x_wconf 84' lang='lat' dir='ltr'><strong>not</strong></span> <span class='ocrx_word' id='word_1_143' title='bbox 870 3622 935 3661; x_wconf 86' lang='lat' dir='ltr'><strong>cem</strong></span> <span class='ocrx_word' id='word_1_144' title='bbox 950 3602 1161 3675; x_wconf 85' lang='lat' dir='ltr'><strong>Philocratem,</strong></span> <span class='ocrx_word' id='word_1_145' title='bbox 1179 3627 1250 3666; x_wconf 88' lang='lat' dir='ltr'><strong>eum</strong></span> <span class='ocrx_word' id='word_1_146' title='bbox 1263 3628 1340 3667; x_wconf 89' lang='lat' dir='ltr'><strong>unus</strong></span> <span class='ocrx_word' id='word_1_147' title='bbox 1353 3618 1434 3675; x_wconf 85' lang='lat' dir='ltr'><strong>esset,</strong></span> 
     </span>
     <span class='ocr_line' id='line_1_23' title="bbox 244 3690 1435 3777; baseline 0.006 -28"><span class='ocrx_word' id='word_1_148' title='bbox 244 3693 292 3750; x_wconf 82' lang='lat' dir='ltr'><strong>for</strong></span> <span class='ocrx_word' id='word_1_149' title='bbox 301 3692 353 3751; x_wconf 91' lang='lat' dir='ltr'><strong>the</strong></span> <span class='ocrx_word' id='word_1_150' title='bbox 361 3690 471 3749; x_wconf 81' lang='lat' dir='ltr'><strong>weolth</strong></span> <span class='ocrx_word' id='word_1_151' title='bbox 479 3691 515 3752; x_wconf 84' lang='lat' dir='ltr'><strong>of</strong></span> <span class='ocrx_word' id='word_1_152' title='bbox 520 3691 560 3748; x_wconf 83' lang='lat' dir='ltr'><strong>all</strong></span> <span class='ocrx_word' id='word_1_153' title='bbox 567 3691 620 3750; x_wconf 89' lang='lat' dir='ltr'><strong>the</strong></span> <span class='ocrx_word' id='word_1_154' title='bbox 628 3692 722 3769; x_wconf 70' lang='lat' dir='ltr'><strong>gods!</strong></span> <span class='ocrx_word' id='word_1_155' title='bbox 743 3695 784 3754; x_wconf 92' lang='lat' dir='ltr'><strong>H.</strong></span> <span class='ocrx_word' id='word_1_156' title='bbox 792 3718 818 3756; x_wconf 85' lang='lat' dir='ltr'><strong>e.</strong></span> <span class='ocrx_word' id='word_1_157' title='bbox 869 3694 917 3751; x_wconf 92' lang='lat' dir='ltr'><strong>bis</strong></span> <span class='ocrx_word' id='word_1_158' title='bbox 934 3697 1109 3767; x_wconf 85' lang='lat' dir='ltr'><strong>nominavit,</strong></span> <span class='ocrx_word' id='word_1_159' title='bbox 1127 3708 1157 3757; x_wconf 86' lang='lat' dir='ltr'><strong>et</strong></span> <span class='ocrx_word' id='word_1_160' title='bbox 1174 3718 1232 3777; x_wconf 90' lang='lat' dir='ltr'><strong>pro</strong></span> <span class='ocrx_word' id='word_1_161' title='bbox 1250 3701 1365 3759; x_wconf 91' lang='lat' dir='ltr'><strong>duobus</strong></span> <span class='ocrx_word' id='word_1_162' title='bbox 1383 3721 1435 3757; x_wconf 90' lang='lat' dir='ltr'><strong>nn-</strong></span> 
     </span>
     <span class='ocr_line' id='line_1_24' title="bbox 246 3780 1234 3867; baseline 0.002 -20"><span class='ocrx_word' id='word_1_163' title='bbox 246 3788 305 3849; x_wconf 92' lang='lat' dir='ltr'><strong>Vel</strong></span> <span class='ocrx_word' id='word_1_164' title='bbox 319 3791 453 3848; x_wconf 89' lang='lat' dir='ltr'><strong>Deorum</strong></span> <span class='ocrx_word' id='word_1_165' title='bbox 466 3788 587 3846; x_wconf 80' lang='lat' dir='ltr'><strong>divitias</strong></span> <span class='ocrx_word' id='word_1_166' title='bbox 601 3809 780 3867; x_wconf 86' lang='lat' dir='ltr'><strong>spernerem,</strong></span> <span class='ocrx_word' id='word_1_167' title='bbox 795 3794 820 3852; x_wconf 90' lang='lat' dir='ltr'><strong>si</strong></span> <span class='ocrx_word' id='word_1_168' title='bbox 870 3789 978 3846; x_wconf 85' lang='lat' dir='ltr'><strong>merari</strong></span> <span class='ocrx_word' id='word_1_169' title='bbox 999 3792 1113 3849; x_wconf 88' lang='lat' dir='ltr'><strong>voluit:</strong></span> <span class='ocrx_word' id='word_1_170' title='bbox 1231 3780 1234 3785; x_wconf 37' lang='lat'>¹</span> 
     </span>
    </p>
   </div>
   <div class='ocr_carea' id='block_1_14' title="bbox 244 3884 1389 3996">
    <p class='ocr_par' dir='ltr' id='par_1_14' title="bbox 244 3884 1389 3996">
     <span class='ocr_line' id='line_1_25' title="bbox 244 3884 1389 3996; baseline 0.033 -50"><span class='ocrx_word' id='word_1_171' title='bbox 244 3885 310 3945; x_wconf 74' lang='lat' dir='ltr'><strong>haec</strong></span> <span class='ocrx_word' id='word_1_172' title='bbox 328 3886 459 3945; x_wconf 65' lang='lat' dir='ltr'><strong>conditio</strong></span> <span class='ocrx_word' id='word_1_173' title='bbox 478 3884 610 3955; x_wconf 61' lang='lat' dir='ltr'><strong>accedat,</strong></span> <span class='ocrx_word' id='word_1_174' title='bbox 631 3897 667 3944; x_wconf 69' lang='lat' dir='ltr'><strong>Ut</strong></span> <span class='ocrx_word' id='word_1_175' title='bbox 683 3896 713 3945; x_wconf 67' lang='lat' dir='ltr'><strong>te</strong></span> <span class='ocrx_word' id='word_1_176' title='bbox 729 3888 818 3949; x_wconf 69' lang='lat' dir='ltr'><strong>hodie</strong></span> <span class='ocrx_word' id='word_1_177' title='bbox 927 3930 1023 3976; x_wconf 77' lang='lat' dir='ltr'><strong>“Elolv</strong></span> <span class='ocrx_word' id='word_1_178' title='bbox 1036 3932 1095 3991; x_wconf 78' lang='grc' dir='ltr'>ἡμῖν</span> <span class='ocrx_word' id='word_1_179' title='bbox 1109 3934 1162 3980; x_wconf 72' lang='grc' dir='ltr'><strong>τῶν</strong></span> <span class='ocrx_word' id='word_1_180' title='bbox 1178 3935 1334 3996; x_wconf 79' lang='grc' dir='ltr'>κεκλημένων</span> <span class='ocrx_word' id='word_1_181' title='bbox 1348 3938 1389 3983; x_wconf 72' lang='grc' dir='ltr'><strong>δύο</strong></span> 
     </span>
    </p>
   </div>
   <div class='ocr_carea' id='block_1_15' title="bbox 248 3980 1437 4169">
    <p class='ocr_par' dir='ltr' id='par_1_15' title="bbox 248 3980 1437 4169">
     <span class='ocr_line' id='line_1_26' title="bbox 248 3980 1437 4070; baseline 0.002 -34"><span class='ocrx_word' id='word_1_182' title='bbox 248 3980 402 4059; x_wconf 67' lang='lat' dir='ltr'><strong>sejungar·</strong></span> <span class='ocrx_word' id='word_1_183' title='bbox 869 4000 929 4047; x_wconf 78' lang='grc' dir='ltr'><strong>Ἐπὶ</strong></span> <span class='ocrx_word' id='word_1_184' title='bbox 952 4003 1052 4051; x_wconf 79' lang='grc' dir='ltr'>δεῖπνον</span> <span class='ocrx_word' id='word_1_185' title='bbox 1076 4006 1178 4067; x_wconf 73' lang='grc' dir='ltr'><em>ἄμαχοι·</em></span> <span class='ocrx_word' id='word_1_186' title='bbox 1212 4010 1376 4070; x_wconf 53' lang='grc' dir='ltr'>Φιλοκράτης,</span> <span class='ocrx_word' id='word_1_187' title='bbox 1400 4014 1437 4059; x_wconf 57' lang='grc' dir='ltr'><strong>καὶ</strong></span> 
     </span>
     <span class='ocr_line' id='line_1_27' title="bbox 289 4074 1062 4169; baseline -0.025 -17"><span class='ocrx_word' id='word_1_188' title='bbox 289 4094 352 4155; x_wconf 64' lang='grc'><strong>139.</strong></span> <span class='ocrx_word' id='word_1_189' title='bbox 392 4089 461 4149; x_wconf 80' lang='lat' dir='ltr'><strong>Jorn</strong></span> <span class='ocrx_word' id='word_1_190' title='bbox 473 4089 524 4147; x_wconf 79' lang='lat' dir='ltr'><strong>isti</strong></span> <span class='ocrx_word' id='word_1_191' title='bbox 536 4097 604 4147; x_wconf 81' lang='lat' dir='ltr'><strong>runt</strong></span> <span class='ocrx_word' id='word_1_192' title='bbox 617 4088 738 4169; x_wconf 80' lang='lat' dir='ltr'><strong>decem]</strong></span> <span class='ocrx_word' id='word_1_193' title='bbox 765 4092 818 4149; x_wconf 88' lang='lat' dir='ltr'><strong>Vi.</strong></span> <span class='ocrx_word' id='word_1_194' title='bbox 899 4074 1062 4137; x_wconf 50' lang='lat' dir='ltr'><strong>&amp;tuomum-</strong></span> 
     </span>
    </p>
   </div>
   <div class='ocr_carea' id='block_1_16' title="bbox 248 4150 1386 4294">
    <p class='ocr_par' dir='ltr' id='par_1_16' title="bbox 248 4150 1386 4294">
     <span class='ocr_line' id='line_1_28' title="bbox 248 4150 1386 4294; baseline 0.019 -39"><span class='ocrx_word' id='word_1_195' title='bbox 248 4182 336 4239; x_wconf 67' lang='lat' dir='ltr'><strong>detul&#39;</strong></span> <span class='ocrx_word' id='word_1_196' title='bbox 350 4184 406 4259; x_wconf 64' lang='lat' dir='ltr'><strong>(alt</strong></span> <span class='ocrx_word' id='word_1_197' title='bbox 418 4187 606 4263; x_wconf 59' lang='lat' dir='ltr'><strong>Mortuum)</strong></span> <span class='ocrx_word' id='word_1_198' title='bbox 620 4184 646 4242; x_wconf 85' lang='lat' dir='ltr'><strong>P</strong></span> <span class='ocrx_word' id='word_1_199' title='bbox 647 4185 745 4244; x_wconf 69' lang='lat' dir='ltr'><strong>lautus</strong></span> <span class='ocrx_word' id='word_1_200' title='bbox 756 4188 819 4244; x_wconf 78' lang='lat' dir='ltr'><strong>Eu&#39;</strong></span> <span class='ocrx_word' id='word_1_201' title='bbox 879 4150 1181 4285; x_wconf 45' lang='lat' dir='ltr'><strong>lllzcl‘lllllllsslxdlilllolvdd</strong></span> <span class='ocrx_word' id='word_1_202' title='bbox 1188 4161 1386 4294; x_wconf 48' lang='lat' dir='ltr'><strong>dddisll&#39;lmopm</strong></span> 
     </span>
    </p>
   </div>
   <div class='ocr_carea' id='block_1_17' title="bbox 247 4272 1423 4373">
    <p class='ocr_par' dir='ltr' id='par_1_17' title="bbox 247 4272 1423 4373">
     <span class='ocr_line' id='line_1_29' title="bbox 247 4272 1423 4373; baseline 0.017 -42"><span class='ocrx_word' id='word_1_203' title='bbox 247 4272 353 4331; x_wconf 90' lang='lat' dir='ltr'><strong>bulum</strong></span> <span class='ocrx_word' id='word_1_204' title='bbox 380 4276 534 4335; x_wconf 85' lang='lat' dir='ltr'><strong>Comicum</strong></span> <span class='ocrx_word' id='word_1_205' title='bbox 566 4276 708 4344; x_wconf 85' lang='lat' dir='ltr'><strong>imitatus,</strong></span> <span class='ocrx_word' id='word_1_206' title='bbox 739 4278 821 4355; x_wconf 86' lang='lat' dir='ltr'><strong>apud</strong></span> <span class='ocrx_word' id='word_1_207' title='bbox 1271 4312 1325 4361; x_wconf 85' lang='lat' dir='ltr'><strong>Lib.</strong></span> <span class='ocrx_word' id='word_1_208' title='bbox 1336 4314 1358 4360; x_wconf 74' lang='grc' dir='ltr'><strong>Ι,</strong></span> <span class='ocrx_word' id='word_1_209' title='bbox 1374 4314 1394 4373; x_wconf 70' lang='lat' dir='ltr'><strong>q,</strong></span> <span class='ocrx_word' id='word_1_210' title='bbox 1403 4316 1423 4360; x_wconf 82' lang='lat'><strong>4.</strong></span> 
     </span>
    </p>
   </div>
   <div class='ocr_carea' id='block_1_18' title="bbox 0 0 1546 5015">
    <p class='ocr_par' dir='ltr' id='par_1_18' title="bbox 0 0 1546 5015">
     <span class='ocr_line' id='line_1_30' title="bbox 0 0 1546 5015; baseline 0 0"><span class='ocrx_word' id='word_1_211' title='bbox 0 0 1546 5015; x_wconf 95' lang='lat' dir='ltr'><strong> </strong></span> 
     </span>
    </p>
   </div>
  </div>
 </body>
</html>
