3084 5017
532 452 857 517 MENAECHMEI.
1247 454 1291 520 63

201 655 299 729 Nam
309 655 465 753 profecto
476 656 543 730 tibi
555 658 721 753 subrepta
735 656 764 727 si
776 666 878 741 esset,
893 656 1091 730 salvanuno
1102 656 1204 729 foret.
1231 673 1288 735 549

103 784 185 853 Mu.
201 780 269 855 Nil
280 781 371 854 mihi
384 793 503 856 tecum
512 793 577 855 est.
605 781 676 855 sed
687 792 729 855 tu
740 782 828 879 quid
840 783 918 855 ais?

645 908 733 980 Mu.
752 909 870 994 Palla,
884 910 1040 1005 inquam,
1054 911 1163 1007 periit
1174 910 1288 984 domo.

103 1033 191 1105 ΜΕ.
207 1032 302 1119 Quis
314 1059 391 1106 eam
403 1034 609 1131 subripuit?

491 1159 577 1232 Mn.
594 1158 666 1231 Pol
678 1160 772 1233 istuc
782 1160 844 1233 ille
855 1161 932 1245 soit,
948 1160 1010 1257 qui
1019 1160 1119 1233 illam
1130 1162 1289 1238 abstulit.

104 1281 193 1355 ΜΕ.
208 1283 298 1368 Quis
311 1282 370 1356 hio
382 1281 487 1356 homo
498 1284 578 1356 est?

454 1408 540 1482 Mu.
557 1408 804 1482 Menaechmus
814 1410 969 1506 quidam.

710 1533 796 1605 ΜΕ.
815 1532 957 1631 Edepol
968 1534 1102 1608 factum
1111 1539 1291 1632 nequiter!

204 1661 299 1747 Quis
311 1663 342 1733 is
354 1658 645 1734 Menaeohmust?

455 1786 541 1859 Mn.
559 1782 621 1859 Tu
633 1786 724 1871 istic,
737 1787 895 1883 inquam.
993 1862 997 1869 ,

678 1913 764 1985 ΜΕ.
781 1912 936 2010 Egone?

818 2038 903 2112 MU.
921 2038 999 2112 Tu!

935 2166 980 2237 M
983 2186 1020 2239 u.
1038 2165 1133 2252 Quis
1145 2170 1291 2266 arguit?

108 2289 194 2361 Mo.
209 2288 377 2385 Egomet.

352 2415 422 2487 Pu.
440 2413 495 2487 Et
510 2439 585 2512 ego.
611 2414 739 2513 Atque
750 2413 834 2488 huio
845 2417 965 2489 amicae
977 2417 1139 2493 detulisti
1154 2420 1291 2495 Erotio.

105 2575 127 2605 v.
141 2560 195 2607 352.
217 2560 328 2616 Quidam,
343 2574 390 2607 non
405 2558 523 2619 liquescit.
552 2560 604 2606 56&
621 2558 679 2611 Quis
693 2561 721 2618 is,
737 2559 818 2618 rapide
832 2560 999 2619 pronuntiand.
1014 2570 1042 2610 ut
1055 2562 1078 2611 in
1093 2579 1163 2612 unam
1176 2565 1293 2623 syllabam

435 2634 576 2691 coalescant,
592 2633 654 2692 (Qu'
671 2632 713 2693 is.)
732 2633 809 2695 [Vide
825 2632 903 2692 Supra
915 2633 967 2694 65.]

108 2744 185 2813 dem,
195 2744 250 2803 sed
257 2764 326 2803 cum
334 2744 464 2822 quodam
471 2743 675 2821 interrogandi
727 2744 871 2825 (Nempe,
886 2764 954 2803 eum
969 2765 1023 2803 oon
1034 2744 1165 2826 venisse.)
1197 2750 1292 2810 Oeete-

107 2840 203 2909 vultu,
223 2839 350 2908 dixerat,
370 2860 406 2897 ea
426 2840 610 2898 adverbum
627 2858 675 2897 ae-
726 2858 804 2907 rum,
827 2837 909 2915 quod
927 2836 965 2895 ad
983 2840 1167 2909 sententiam,
1191 2846 1295 2903 confer

108 2936 180 3013 cipit
194 2935 367 3004 Peniculus,
388 2935 545 3013 cumipse,
561 2934 611 3014 (ut
624 2933 677 3011 qui
728 2936 866 2994 Susum.
887 2934 1015 3005 Hamlet,
1036 2938 1104 2995 Act.
1120 2938 1155 2995 V.
1172 2940 1218 2998 So.
1233 2960 1253 2999 1.

109 3032 245 3090 conscius
261 3030 377 3110 fixerit)
395 3031 512 3090 dolosas
530 3032 587 3089 viri
608 3049 677 3108 cap·
757 3049 846 3095 “How
861 3047 968 3095 absolute
984 3048 1024 3097 the
1039 3050 1114 3098 lnave
1131 3052 1164 3099 is!
1183 3069 1219 3100 we
1233 3065 1296 3103 must

108 3123 202 3182 tiones
230 3122 381 3182 odoretur,
425 3121 569 3181 Similiter
599 3121 679 3181 ludit
727 3122 850 3182 speakby
870 3123 995 3182 thecam,
1015 3142 1041 3173 or
1061 3126 1225 3187 equivocation
1244 3132 1296 3180 will

110 3214 230 3286 Noster,
253 3214 326 3273 Cist.
341 3222 408 3274 231.
729 3195 793 3242 ⁰⁰⁶⁰
808 3194 861 3243 us.‘’

138 3326 170 3372 A.
184 3328 202 3348 ‘⁴
214 3324 273 3371 Non
289 3323 412 3371 remissura
425 3338 451 3371 es
464 3321 523 3369 mihi
539 3320 622 3369 illaml
732 3283 816 3341 ΝΟΜ·
831 3283 911 3342 RUd·
925 3293 991 3355 993·

138 3402 176 3449 M.
216 3400 266 3447 Pro
281 3414 318 3448 me
333 3413 455 3458 responsas
469 3397 537 3446 tibi.''
775 3393 896 3453 “Viden’,
912 3395 1024 3443 scelestus
1038 3402 1065 3445 ul
1080 3400 1245 3458 aucupaturl”

113 3493 152 3550 Η.
161 3513 186 3551 e.
195 3491 576 3573 (abjectainterrogationis
584 3489 679 3569 nota,)
768 3540 809 3549 -
848 3504 958 3585 Huic]
1008 3506 1110 3566 Uxori,
1156 3511 1203 3569 ‘It
1235 3532 1296 3570 was

113 3590 178 3647 Non
205 3588 365 3647 remissura
391 3609 462 3647 ‹wm-
502 3588 580 3647 Item
605 3589 680 3646 Cur·
732 3602 827 3660 stolen
847 3602 925 3659 from
945 3602 1005 3672 her,
1026 3616 1079 3662 not
1097 3608 1175 3664 from
1190 3611 1266 3687 pou!

115 3683 174 3838 οέἶι
186 3690 376 3848 ⁴1:cIinloouorel
425 3788 454 3836 P.
479 3786 533 3835 Fiat
562 3802 682 3836 maxume.
771 3737 837 3799 549·
881 3727 975 3809 Tibi]
1016 3730 1123 3789 ‘From
1144 3737 1222 3809 you:
1264 3735 1296 3793 Si

173 3864 224 3911 Pu.
239 3862 318 3910 Etiam
333 3863 413 3909 m,
731 3846 750 3884 a
771 3837 811 3895 te,
834 3824 1029 3894 Menaechme,
1051 3828 1191 3905 subrepta
1209 3840 1296 3899 esset,

128 3934 159 3981 P.
174 3935 270 3993 Nempe
285 3932 382 3992 obloqui
396 3949 434 3981 me
447 3932 574 3993 jusseras.”
733 3920 818 4001 (cum
831 3940 897 3977 eam
911 3921 1022 3979 scilicet
1032 3920 1162 3981 deferres
1172 3924 1210 3982 ad
1221 3926 1296 3983 Ero·

116 4024 202 4105 (Non
216 4035 318 4084 autem
328 4025 475 4102 jusserat3
497 4026 549 4085 sed
562 4046 625 4083 cnm
638 4025 682 4083 in·
732 4012 834 4092 tium,)
845 4023 875 4071 et
888 4014 967 4083 huic,
983 4015 1074 4083 oxori,
1085 4017 1202 4077 reddita
1210 4032 1296 4092 esset,

115 4121 432 4199 ἰεννοὲαιὶοηιευειιιίί,Ι
454 4122 546 4181 ‘Will
562 4143 622 4200 you
637 4123 682 4180 in.
732 4111 873 4170 nimirum
907 4111 987 4169 salva
1014 4131 1094 4171 nunc
1124 4114 1209 4175 foret.
1251 4119 1297 4179 Ex
1364 4112 1371 4133 “

115 4227 235 4295 terrupt
248 4218 344 4292 mei’)
367 4216 495 4275 Rudens.
510 4225 577 4277 254.
733 4211 879 4267 Gnouov.
920 4205 1008 4265 Unde
1035 4210 1122 4269 etiam
1148 4215 1298 4290 praecedd.

136 4322 166 4367 T.
182 4320 268 4367 “Non
284 4317 366 4367 venitl
398 4320 428 4368 A.
443 4321 506 4368 Vera
520 4321 659 4379 praedicas.”
734 4300 841 4380 partlm
861 4299 1012 4377 exscripsi.
