3084 5017
554 440 881 505 MENAECHMEI.
1266 444 1310 507 53

126 640 207 713 AN.
227 639 290 713 Da
313 639 413 715 sodes
439 643 499 715 abs
525 653 582 715 te:
611 654 691 740 post
717 668 783 741 ego
808 640 994 715 reddidero
1020 642 1098 715 tibi.
1253 656 1311 711 445

127 766 307 841 Mm-Imo
333 768 417 843 oedo
440 771 501 842 abs
527 780 574 843 te.

581 895 665 967 Au.
692 894 775 993 Ego
798 904 878 993 post
902 894 970 969 tibi
995 892 1139 969 reddam
1167 894 1311 995 duplex.

127 1013 213 1089 ΜΕ.
228 1015 314 1091 Non
340 1016 465 1093 habeo.

467 1142 551 1215 ΑΝ.
579 1144 633 1217 At
658 1154 711 1228 tu,
736 1140 879 1239 quando
905 1142 1061 1229 habebis,
1087 1154 1166 1217 turn
1192 1142 1288 1217 dato.

226 1264 418 1364 Numquid
442 1269 522 1341 vie?

525 1392 612 1466 Ma.
639 1390 733 1470 Hoeo
757 1419 815 1467 me
841 1402 1046 1493 curaturum
1071 1389 1243 1479 dicito·—

226 1512 297 1599 Ut,
323 1528 497 1612 quantum
522 1519 646 1614 possit,
673 1520 806 1619 quique
831 1517 974 1603 liceant,
1001 1526 1166 1591 veneant.

226 1639 358 1714 Jamne
381 1643 470 1716 abiit
494 1642 619 1717 intro?
667 1642 789 1728 Abiit,
815 1644 956 1741 operuit
979 1641 1075 1715 foris.
1256 1657 1315 1710 450

110 1748 114 1753 ⁵
228 1763 284 1837 Di
307 1791 366 1839 me
390 1767 535 1864 quidem
561 1792 682 1843 omnes
707 1769 892 1866 adjuvant,
919 1780 1064 1867 augent,
1090 1780 1222 1844 amant.

229 1889 301 1963 Sed
323 1891 410 1988 qnid
434 1916 500 1991 ego
523 1916 631 1980 cesso,
654 1893 740 1967 dum
764 1893 872 1969 datur
897 1894 948 1968 mi
970 1895 1116 1980 oouaaio,

230 2012 471 2113 Tempuoque,
496 2018 593 2091 abire
615 2019 659 2090 ab
684 2016 739 2089 his
765 2018 850 2091 loeio
875 2018 1055 2095 lenoniis?

229 2135 398 2235 Propera,
424 2138 669 2216 Menaechme!
696 2139 749 2215 fer
773 2137 920 2239 pedem!
950 2140 1068 2217 confer
1093 2141 1265 2241 gradum!

231 2259 388 2337 Demam
406 2289 579 2350 coronam,
595 2274 702 2361 atque
717 2265 867 2341 abiciam
886 2264 931 2339 ad
948 2264 1072 2339 laevam
1088 2290 1245 2352 manum,
1263 2277 1317 2352 ut,

230 2388 271 2461 Si
296 2391 359 2486 qui
384 2402 588 2487 sequantur,
613 2390 681 2465 hae
705 2416 763 2465 me
788 2392 915 2467 abiisse
941 2402 1117 2467 censeant.
1260 2400 1319 2463 456

230 2514 298 2588 Ibo
319 2526 357 2589 et
377 2515 584 2591 conveniam
609 2540 756 2603 servom,
783 2516 812 2591 ri
837 2528 970 2615 potero,
994 2540 1135 2592 meum:

230 2637 289 2713 Ut
315 2637 400 2725 haec,
425 2666 504 2738 quae
528 2643 621 2716 bona
642 2641 681 2715 di
706 2640 798 2715 mihi
823 2640 973 2728 danunt,
1000 2667 1045 2717 ex
1067 2667 1125 2717 me
1148 2642 1247 2717 seint.

336 2847 359 2880 v.
376 2832 429 2879 447.
450 2830 538 2890 Habeo,
553 2846 602 2880 non
616 2830 674 2879 olid.
692 2830 763 2891 [Vid.
779 2832 803 2879 iu
819 2831 917 2895 vtum]
949 2834 1001 2882 450.
1016 2834 1082 2882 Intro
1092 2834 1116 2881 d.

168 3007 236 3059 448.
264 2998 414 3079 Numquid
423 3000 510 3080 nist]
521 2999 701 3061 VideGloos.
792 3009 858 3062 451.
905 3002 948 3059 Di
981 3022 1024 3059 me
1057 3003 1210 3081 adjuvant,
1244 3005 1320 3083 eto]

128 3095 161 3151 in
175 3115 204 3152 v.
219 3100 288 3153 242.
753 3097 863 3156 Confer
883 3097 952 3157 Ter.
973 3096 1069 3155 Andr.
1084 3098 1123 3156 V.
1139 3117 1182 3157 vr.
1196 3108 1224 3168 9.

169 3211 238 3275 449.
283 3203 322 3261 Ut
347 3212 486 3283 quantum
502 3204 608 3285 possit,
627 3204 704 3283 ere]
826 3206 923 3254 “Soros
937 3220 962 3253 es
978 3221 1047 3264 quem
1063 3204 1164 3266 nurgum
1179 3205 1237 3253 oin

130 3299 703 3379 Sensnsest‚thnamprimum,quan·
754 3296 798 3355 Et
810 3296 932 3355 Phorm.
946 3297 982 3355 V.
1003 3318 1030 3355 v.
1048 3306 1092 3359 14.

129 3398 215 3477 tique
221 3398 341 3467 liceant,
352 3398 530 3458 vendantur.
551 3408 562 3435 ‘
572 3397 640 3457 Tell
647 3398 702 3457 her
763 3410 781 3433 ‘⁸
789 3406 845 3455 Sine
855 3408 1013 3457 controversia
1022 3409 1053 3457 ab
1064 3409 1108 3457 Dis
1117 3409 1182 3458 solus
1191 3408 1311 3467 diligere.''

130 3495 196 3554 that
216 3494 232 3551 1
254 3494 317 3553 will
337 3514 385 3554 aee
405 3505 437 3553 to
459 3494 702 3573 them—(Aside)

130 3593 196 3652 that
209 3592 282 3670 they
296 3594 335 3653 be
348 3592 414 3651 sold
423 3593 497 3652 with
510 3613 542 3651 as
554 3592 631 3653 little
644 3593 703 3651 loos

131 3689 167 3745 of
181 3686 256 3745 time
274 3706 306 3743 as
324 3705 393 3764 may
410 3688 459 3755 be,
479 3686 539 3745 and
559 3685 605 3744 for
623 3685 704 3744 what

131 3784 204 3862 they
228 3783 292 3841 will
312 3783 412 3842 fetch.’
453 3784 558 3843 Priora
581 3781 702 3861 quidem

132 3882 220 3949 clare,
239 3892 271 3962 et
288 3890 323 3939 ut
344 3880 447 3939 audiat
467 3882 584 3950 ancilla,
604 3881 702 3958 loqui-
793 3883 859 3935 455.
911 3876 1082 3957 Coronam]
1133 3880 1230 3957 Supra
1254 3878 1324 3941 366.

131 3986 182 4036 tur
190 4000 200 4045 3
222 3976 403 4044 Posteriora,
418 3976 564 4056 oubmisaa
577 3995 659 4047 voce,
673 3985 704 4034 et
755 3972 837 4030 Hine
850 3972 882 4029 in
895 3975 1031 4050 proxima
1049 3995 1136 4035 neena
1151 3974 1258 4037 erroris
1272 3998 1324 4037 oc-

129 4069 192 4146 jam
205 4068 264 4127 hae
277 4067 459 4136 discedente,
479 4066 609 4147 subjicit.
755 4065 833 4125 casio
846 4067 950 4127 oritur.

793 3573 833 3587 --
863 3541 1005 3619 Augeat]
1021 3540 1323 3601 Stilbonisethene-

754 3636 837 3695 liciis.
867 3638 974 3716 ‘Heap
987 3640 1109 3699 favoura
1122 3659 1160 3698 on
1174 3640 1240 3697 me.'
1269 3640 1323 3697 Me

753 3733 851 3793 ditant
864 3744 895 3792 et
907 3735 1097 3813 locupletant

613 4269 853 4279 *mm-m—
