3084 5017
565 475 887 540 MENAECHMEI.

135 681 213 753 SE.
232 678 342 764 Filia,
360 677 465 752 heus!

381 803 464 876 Mn.
483 803 579 888 Quid
592 807 673 878 est?
695 804 783 900 quid
795 806 957 901 agimus?

503 921 505 927 ’
677 927 741 1002 SE.
760 927 873 1016 Quid,
886 929 917 1002 si
930 952 995 1024 ego
1006 925 1076 1002 huc
1088 951 1201 1000 servos
1211 927 1303 1001 cito?

234 1052 319 1126 Ibo:
343 1052 525 1139 adducam,
549 1056 611 1150 qui
632 1053 726 1128 hunc
742 1053 826 1129 hinc
846 1054 985 1139 tollant,
1011 1064 1047 1127 et
1067 1052 1164 1127 domi
1184 1051 1306 1126 devin-

379 1179 485 1265 ciant,
1186 1204 1191 1210 ’
1247 1194 1303 1252 745

231 1305 440 1401 Priusquam
454 1307 636 1380 turbarum
650 1307 736 1404 quid
748 1305 855 1380 faciat
868 1306 1029 1402 amplius.

915 1430 998 1501 Mn.
1018 1429 1221 1516 Enimvero,
1234 1432 1304 1505 nisi

136 1529 140 1538 ¹
231 1549 376 1651 Occupo
392 1550 541 1650 aliquod
550 1555 639 1629 mihi
657 1529 851 1639 consilium,
876 1552 917 1627 hi
934 1553 1151 1628 me'domum
1165 1553 1212 1628 ad
1229 1581 1303 1630 sese

380 1677 601 1752 auferent.—

230 1801 370 1901 Pugnis
392 1829 449 1876 me
471 1805 635 1877 vetastin’
660 1801 766 1900 hujus
789 1804 840 1876 ori
866 1803 1057 1900 quidquam
1081 1807 1248 1900 parcere?

230 1927 283 2001 Ni
308 1933 384 2024 jam
413 1953 458 2001 ex
483 1930 569 2001 meis
592 1928 700 2001 oculis
729 1929 893 2002 abscedat
918 1931 956 2000 in
983 1929 1114 2002 malam
1137 1953 1301 2026 magnam

375 2079 522 2139 crucem,
1244 2072 1302 2134 749

229 2178 388 2264 Faciam,
400 2181 494 2276 quod
503 2181 618 2276 jubes,
631 2178 784 2278 Apollo!

621 2305 684 2379 Su.
704 2307 804 2404 Fuge
819 2307 962 2380 domum
978 2319 1149 2404 quantum
1163 2319 1300 2405 potest:

228 2430 286 2502 Ne
303 2427 361 2502 hic
376 2440 412 2504 te
425 2429 616 2504 obtundat!

411 2555 495 2632 Mn.
510 2557 638 2655 Fugio.
665 2556 820 2643 Amabo,
835 2557 979 2634 adserva
988 2560 1117 2645 istunc,
1127 2560 1177 2633 mi
1189 2572 1300 2658 pater,

227 2680 287 2756 Ne
315 2708 383 2779 quo
405 2680 489 2754 hinc
513 2683 634 2756 abeat!
670 2680 803 2756 Sumne
824 2708 890 2780 ego
914 2682 1040 2756 mulier
1063 2684 1198 2767 misera,
1215 2708 1300 2780 quoe

373 2809 463 2882 illaec
488 2809 620 2908 audio?
1008 2896 1011 2901 y
1037 2878 1042 2898 ‚

126 2935 214 3008 ΜΕ.
230 2932 340 3007 Haud
356 2934 448 3008 male
468 2933 576 3007 illanc
597 2960 618 3007 a
636 2959 692 3006 me
712 2935 849 3021 amovi3
876 2957 970 3006 nunc
990 2931 1086 3006 hunc
1105 2935 1299 3029 inpurissu-

373 3083 483 3144 mum,

226 3182 446 3269 Tremulum,
460 3186 644 3258 barbatum
657 3182 867 3268 Tithonum,
878 3183 1000 3281 Cygno
1012 3184 1073 3280 qui
1084 3183 1179 3258 cluet
1187 3195 1297 3295 patre,

184 3405 207 3436 v.
220 3389 272 3437 746.
302 3387 449 3449 Paimquom,
465 3387 567 3438 Vocales
576 3390 602 3436 ia
611 3387 636 3436 iu
651 3403 721 3437 unam
732 3387 847 3446 syllabam
857 3386 1000 3437 coalescunt.
1020 3387 1109 3451 [Supra
1118 3388 1155 3436 4³.
1165 3388 1217 3435 276.
1233 3386 1300 3436 Infra

122 3462 190 3524 alsa]
214 3461 341 3520 Enimvero,
361 3462 442 3523 rapido
460 3463 626 3523 pronuntiaud.
649 3461 804 3528 [Instabili]
834 3463 887 3512 749.
902 3463 968 3524 Meis,
985 3463 1110 3522 monosyll.
1140 3464 1192 3512 751.
1207 3465 1299 3520 Amabo,

123 3551 171 3586 uon
188 3536 303 3596 liquescit.
331 3538 384 3585 754.
401 3537 530 3594 Tithonum,
546 3537 581 3585 V:
601 3538 716 3586 Titanum.
732 3537 794 3587 Vide
809 3537 834 3586 in
849 3538 916 3586 Nan.

163 3702 231 3762 744.
272 3692 351 3759 Quid
381 3691 493 3774 agimus
503 3693 538 3774 3]
580 3693 688 3753 ‘What
735 3697 923 3765 vociferatur,
950 3697 1119 3774 Apollinem
1145 3653 1297 3775 instigato-

121 3799 204 3849 must
225 3809 271 3847 we
294 3788 362 3846 do?'
396 3785 444 3847 De
464 3788 519 3847 hac
539 3787 687 3848 locutione
734 3814 807 3864 rem,
842 3793 970 3869 (Orestia
999 3793 1160 3872 exemplo,)
1194 3794 1295 3873 appel.

121 3885 193 3944 vide
212 3885 308 3944 Gloss.
330 3883 426 3964 Supra
442 3892 504 3944 148.
734 3889 807 3947 lans.
1288 3891 1293 3901 '

161 4041 228 4110 746.
268 4041 431 4111 Enimvero,
446 4042 520 4122 etc]
552 4041 627 4100 Haec
641 4061 685 4100 se.
774 4008 839 4070 749·
878 4000 917 4058 1²⁸
929 3997 1034 4056 malam
1047 3997 1185 4076 cmm]
1221 3997 1247 4056 P
1248 4019 1295 4058 ¹⁰·

121 4157 223 4196 orsum
240 4137 330 4205 dicta,
352 4136 404 4195 aed
421 4147 455 4194 ut
467 4136 589 4195 audiant
602 4154 685 4213 spec·
734 4096 794 4174 ¹⁰3¹
809 4093 854 4155 ὅδ’
878 4093 959 4151 Infra
972 4100 1037 4152 ⁸¹4

119 4241 239 4290 tatores.
281 4232 363 4299 Mox,
385 4251 412 4288 v.
427 4237 493 4299 748,
513 4229 610 4308 palam
629 4227 684 4287 ite·
773 4210 838 4268 75¹·
868 4198 1294 4278 Amcbo.]Supra291,G10,g

120 4343 197 4394 rum,
221 4333 252 4382 et
271 4323 409 4380 insanum
429 4320 525 4381 adhuc
546 4320 684 4390 referens,
775 4324 840 4382 754.
878 4312 1055 4392 Tithonum]
1082 4312 1133 4372 Sic
1145 4333 1202 4392 pro
1214 4315 1294 4375 Tita-

981 4430 1017 4498 L.
