3084 5017
503 474 555 537 IN
566 473 910 538 'MENAECHMEL
1213 467 1279 539 133

28 651 31 658 '
131 673 196 734 nn.
207 674 268 733 111.
284 673 401 751 apro.
417 673 611 752 “Quousque
625 675 676 734 nn
686 675 842 752 vagam
867 675 943 744 seo,
958 673 1028 754 qna
1040 673 1133 753 agne
1160 673 1283 753 Ecquid

130 785 286 845 commode
310 784 416 862 agis?”
459 782 550 857 Quod
570 804 641 842 vero
661 785 702 842 ait
723 785 868 862 Doering‚
889 784 943 843 ”Si
964 785 996 842 in
1017 805 1073 844 usu
1093 785 1199 844 fuisset
1219 785 1284 844 hoec

130 895 271 955 adulandi
300 895 438 964 formula,
466 893 656 974 (Dulcissime
679 897 800 973 rerum)
823 895 875 953 vix
896 895 1032 964 Plautus,
1056 894 1226 966 Terentius,
1253 907 1286 955 et

129 1010 177 1068 aiii
201 1029 238 1068 ea
260 1009 475 1068 abstinuissent
482 1017 519 1079 ;“
548 1008 580 1066 id
604 1008 693 1067 credo
720 1008 757 1067 de
781 1007 929 1067 industria
955 1020 1107 1079 caverunt,
1134 1030 1173 1068 ne
1195 1011 1284 1068 nimis

128 1122 158 1178 in
178 1120 295 1180 heroici
322 1121 460 1180 carminis
481 1121 658 1199 rhythmum
680 1139 785 1179 versus
806 1119 853 1176 sui
873 1118 1097 1196 degenerarent

185 1288 233 1348 62.
283 1281 441 1355 Genium
470 1279 624 1374 meum.]
676 1292 722 1349 lta
755 1302 897 1368 patronos
930 1289 1121 1369 appellabant
1153 1292 1283 1369 parasiti.

129 1410 250 1468 Curcul.
266 1418 334 1479 229.
367 1419 387 1444 “
397 1409 616 1480 Phaedromum,
639 1408 756 1488 genium
774 1409 914 1467 menm?”
946 1409 1031 1488 Capt
1046 1418 1112 1470 812.
1154 1412 1284 1470 “Tuom

131 1531 266 1598 gnatum,
290 1520 456 1600 otgerium
479 1523 597 1580 meum.”
639 1521 675 1579 In
696 1522 783 1579 Cure
799 1519 867 1590 622,
895 1521 1143 1598 “Tanquammet
1166 1521 1284 1600 graium

132 1637 266 1702 meum;”
295 1633 492 1692 Phaedromus
514 1635 557 1693 sic
578 1634 741 1712 parasitum
766 1653 855 1692 suum
880 1632 1019 1711 appellet.
1060 1632 1148 1691 Unde
1175 1633 1286 1712 colligo

129 1744 244 1824 genium
268 1745 375 1804 eodem
399 1766 486 1804 sensu
508 1745 608 1805 ethic
630 1756 660 1804 et
683 1744 745 1803 illic
771 1745 918 1823 usurpari,
942 1763 1050 1822 nempe
1070 1766 1126 1822 pro
1152 1745 1204 1803 ilio
1231 1747 1283 1825 qui

131 1855 280 1927 hominem,
307 1857 399 1934 (sicut
422 1858 551 1918 ‘Genius
575 1859 673 1917 natale
696 1853 795 1916 c'omes
819 1857 871 1934 qui
896 1865 1042 1935 temperat
1061 1861 1208 1937 astrum,’)
1226 1879 1283 1938 per

132 1968 216 2027 vitam
244 1989 336 2050 usquc
357 1970 520 2040 comitatur,
548 1969 643 2049 (quod
667 1982 712 2029 est
737 1967 958 2048 parasitorum.)
999 1972 1080 2049 Apte
1100 1972 1194 2049 igitur
1217 1982 1282 2031 tum

131 2093 276 2161 patronus
296 2084 416 2162 parasiti
437 2083 554 2161 genius,
569 2094 634 2141 turn
653 2082 802 2160 parasitus
814 2081 942 2159 patroni,
955 2092 1148 2160 nuncupatur
1156 2107 1166 2154 ;
1189 2085 1281 2162 siqui-

133 2195 200 2254 dem
219 2196 297 2254 alter
316 2195 438 2253 alterius
459 2215 558 2253 comes
578 2203 632 2263 est,
653 2205 684 2252 et
704 2193 790 2271 quasi
811 2194 917 2251 umbra
935 2193 1173 2254 indissociabilis.

187 2373 234 2434 63.
285 2365 365 2438 Per
390 2361 558 2462 temptet]
611 2372 822 2453 Temperare.
865 2375 978 2435 Glossae
995 2377 1140 2447 locoerit,
1156 2379 1285 2438 Mosteil.

132 2494 196 2556 556.
227 2495 424 2573 “Nunquam
437 2495 562 2574 potuisti
575 2495 671 2574 magis
684 2505 865 2574 opportunus
876 2496 1017 2556 advenire
1031 2518 1121 2576 quam
1135 2498 1286 2560 advenis.''

188 2689 237 2750 64.
278 2679 495 2774 Articulot]
538 2693 672 2752 Sumitur
691 2711 748 2770 pro
767 2705 938 2772 opportuno
956 2695 1118 2754 occasionis
1134 2708 1286 2756 momento

134 2811 163 2868 in
185 2831 247 2889 quo
270 2811 385 2889 aliquid
411 2812 475 2870 fieri
501 2820 626 2890 oportet.
668 2811 758 2890 Epid.
774 2819 840 2878 477.
883 2813 982 2889 “Ipso
1008 2811 1085 2871 hanc
1106 2813 1138 2869 in
1160 2813 1285 2871 articulo

134 2921 231 2979 emit⁸'
276 2921 343 2980 Ter.
359 2920 488 3001 Adelph.
504 2923 545 2981 ΙΙ.
561 2942 596 2980 11.
612 2932 661 2983 21.
702 2923 774 2981 “Ut
793 2921 824 2981 in
845 2924 912 3001 ipso
933 2922 1057 2981 articulo
1079 2924 1254 3001 oppressit.''

188 3109 237 3170 65.
293 3103 569 3196 Luculentum]
623 3113 806 3197 sponna·
831 3114 911 3176 rna.
962 3118 1025 3176 ero
1043 3115 1164 3196 anagn.
1207 3119 1285 3178 vn.

137 3229 217 3288 Nott.
261 3231 298 3288 In
318 3232 469 3298 hominem
491 3237 641 3307 transfert,
664 3239 725 3296 Cic.
743 3237 809 3296 Aa.
829 3239 870 3296 11.
891 3247 935 3298 12.
947 3239 1009 3313 fin.
1050 3239 1285 3299 “Dicaearchum
1385 3244 1387 3248 ’

130 3352 213 3400 recte
230 3363 328 3401 amas:
353 3345 515 3404 luculentus
532 3347 622 3406 homo
635 3351 705 3407 est.”
747 3349 833 3407 Idem
846 3351 909 3406 Att
924 3348 995 3407 VII.
1012 3357 1056 3408 15.
1097 3350 1285 3428 Pompeium,

136 3451 338 3512 “luculentam
352 3457 554 3535 scriptorem,''
568 3469 662 3518 vocat
692 3458 805 3518 Noster
819 3461 948 3519 Mostell.
963 3469 1029 3531 795.
1065 3461 1285 3521 “Vestibulum

136 3573 165 3620 et
182 3565 390 3626 ambulacrum
409 3567 609 3627 luculentum.”
648 3571 741 3630 Merc.
757 3579 823 3631 415.
866 3572 1052 3631 “Luculente
1072 3574 1227 3633 vendere.''

191 3762 242 3774 -
288 3713 432 3807 Cocum]
479 3730 563 3790 Vett.
583 3751 639 3809 pro
660 3751 775 3810 coquus.
795 3778 798 3781 .
817 3732 1014 3811 VideSupra
1036 3742 1080 3794 15.

193 3889 241 3950 66.
290 3881 537 3975 Titubatum.]
587 3897 726 3977 Particip.
754 3919 773 3956 a
798 3897 889 3956 titubo
895 3921 910 3965 ‚·
938 3900 980 3979 (to
998 3901 1126 3973 atumhle,
1149 3924 1182 3962 or
1205 3905 1289 3964 make

136 4010 251 4089 asulae
273 4016 360 4092 step.)
402 4016 605 4095 Metaphorice
626 4017 683 4076 hoo
705 4018 771 4078 loco
794 4020 833 4078 ad
852 4020 989 4078 vitiosam
1011 3996 1174 4084 coctionem
1190 4037 1287 4087 trans·

136 4121 254 4181 fertur.
285 4123 409 4184 Confert
430 4126 540 4186 Gnon:
570 4128 647 4186 Hor.
666 4129 725 4208 Ep.
741 4131 765 4188 1.
786 4149 861 4188 xm.
884 4139 930 4201 19.
972 4135 1078 4194 “Cave
1098 4156 1137 4196 ne
1157 4137 1286 4198 titubes?

138 4232 206 4292 Ter.
221 4233 331 4295 Heaut
347 4237 389 4294 11.
404 4255 455 4298 111.
472 4246 535 4308 119.
578 4239 721 4298 “Verum
739 4241 790 4300 illa
804 4262 843 4300 ne
860 4242 934 4320 quid
953 4242 1096 4302 tursol*
1121 4247 1210 4308 Adde
1224 4250 1287 4309 Cic.

139 4344 220 4405 Fam.
241 4347 314 4406 XII.
336 4357 380 4408 1⁰.
423 4357 443 4383 “
454 4349 488 4406 Si
508 4350 578 4428 quid
586 4351 671 4430 form
692 4352 845 4411 titubatum
860 4333 915 4424 ὀπί,
936 4364 971 4413 ut
994 4354 1028 4414 fit
1049 4355 1080 4414 in
1101 4359 1206 4418 bello.’'
