3084 5017
264 446 329 530 170
635 502 645 514 ,,
669 443 977 511 esossrnrun

173 623 176 630 ²
259 635 352 714 Isyreo
379 634 526 710 Tempora
552 631 680 710 populea
703 619 803 714 *fertur
830 631 958 690 vinxisse
985 632 1114 689 corono.''
1159 629 1207 688 Ib.
1229 625 1333 686 XVII.
1353 632 1402 691 27.

163 834 166 842 .
260 757 290 806 et
311 745 491 804 XXXVIII.
513 743 574 802 init.
616 743 713 814 Unde,
741 755 775 804 ut
801 754 832 803 et
859 744 941 802 Infra
962 752 1028 814 534,
1051 753 1174 825 apparet
1199 743 1254 801 has
1281 759 1402 800 coronas

261 876 298 914 ex
309 853 438 933 floribus
457 853 634 932 plerumque
653 854 745 912 factas
766 874 838 912 esse.

318 1023 385 1091 367.
432 1013 627 1113 Temperi]
674 1023 773 1102 Supra
792 1031 859 1083 350.
898 1023 969 1082 Aul.
983 1030 1049 1082 405.
1090 1020 1176 1097 (Ubi,
1198 1029 1234 1078 ut
1254 1017 1401 1083 hocloco,

262 1141 369 1201 ironice
391 1142 506 1201 dictum
529 1143 597 1219 est)
638 1141 696 1199 Ov.
712 1142 785 1200 Met.
801 1141 853 1202 IV.
869 1147 933 1211 198.
973 1138 1096 1198 “Modo
1115 1137 1213 1216 surgis
1233 1137 1300 1194 Eoo
1323 1132 1401 1192 Tem-

259 1254 362 1333 peries
382 1254 481 1314 coelo.'’
501 1253 553 1314 ie.
574 1253 737 1323 maturius3
763 1253 822 1328 (too
841 1251 930 1331 soon.)

319 1415 385 1478 368.
433 1404 650 1522 Potin’·ut.]
700 1413 800 1480 cao's
820 1417 912 1496 qous?
961 1418 1089 1478 Locutio
1107 1416 1229 1476 Cornica
1236 1437 1246 1485 3
1274 1424 1306 1473 et
1318 1413 1401 1481 valet,

264 1539 383 1599 Potione
402 1560 433 1597 er
451 1547 483 1597 ot
503 1537 643 1617 quiescas,
670 1539 722 1598 ie.
745 1539 870 1598 Potesne
897 1537 1067 1616 quiescere?
1097 1555 1167 1593 nom
1188 1553 1308 1612 possam
1333 1529 1404 1588 nibil

263 1664 308 1714 est
330 1653 412 1713 aliud
434 1673 525 1732 quam
538 1651 617 1732 potis
633 1672 714 1722 sum3
733 1659 825 1731 potes,
841 1627 944 1731 potest,
963 1650 1043 1729 potis
1062 1669 1101 1719 es,
1120 1656 1171 1706 eat.
1188 1649 1242 1706 &o
1283 1642 1403 1703 Trucul.

264 1774 329 1827 853.
371 1764 503 1833 “Potin’,
523 1773 554 1822 ot
573 1763 647 1822 mihi
668 1765 808 1824 molestus
827 1783 865 1822 ne
884 1763 967 1822 sis?”
1009 1763 1101 1821 Mero.
1114 1767 1180 1820 325.
1222 1754 1405 1830 “Quomodo

260 1877 338 1956 potis
357 1875 451 1935 siem?
473 1876 506 1951 (i.
515 1897 540 1936 e.
560 1875 691 1956 possim).
732 1876 802 1934 Ter.
823 1874 919 1934 Andr.
942 1874 1045 1932 11.v1.
1066 1872 1093 1932 6.
1135 1856 1313 1929 “Potia'cr
1335 1865 1404 1926 mihi

264 2009 368 2049 verum
381 1989 523 2048 dicere?''
544 1986 714 2066 (potesnei)
754 1988 834 2046 Eun.
848 1987 873 2046 1.
888 2007 920 2045 ιι.
934 1995 981 2046 21.
1012 1984 1136 2043 “Potin'
1150 1983 1255 2042 orthio
1268 1981 1405 2040 tacere?”

321 2143 386 2213 369.
435 2136 575 2234 Lepide
592 2137 869 2231 concinnatam]
908 2147 1026 2226 Nioely
1042 2144 1202 2208 tammo.
1251 2146 1350 2224 Supra
1360 2139 1404 2205 20

322 2317 387 2374 378.
437 2298 599 2374 Scortum
625 2303 804 2397 adcubui.]
857 2316 941 2375 nfra
962 2324 1045 2386 1039.
1091 2270 1281 2374 Consnuotio
1307 2309 1405 2370 eadem

266 2451 342 2509 quae,
364 2433 467 2491 Aulul.
482 2433 528 2492 36.
570 2434 771 2513 “Propinqua
790 2439 943 2515 partitudo
962 2457 1045 2517 qoam
1065 2434 1202 2515 adpetis?
1223 2435 1278 2493 &o

322 2595 388 2658 379·
442 2580 585 2674 Herem]
644 2588 714 2652 Tse
742 2611 927 2672 posse-scon·
963 2610 1082 2655 owner.
1139 2591 1257 2660 Festus,
1288 2587 1406 2646 ”Hem

269 2711 351 2787 apud
363 2710 501 2790 antiquos
523 2732 580 2790 pro
606 2711 718 2772 domino
739 2717 936 2792 ponebatur.“
974 2715 1056 2774 uitat
1075 2714 1173 2772 Fsoo:
1195 2711 1315 2772 Justin:
1338 2709 1406 2768 Inst.

264 2821 332 2882 Lib.
342 2822 385 2882 II.
405 2823 465 2881 Tit.
476 2831 521 2893 19.
535 2822 631 2898 infin.
672 2824 760 2883 “Pro
777 2825 879 2885 beredo
896 2845 1009 2905 gerere,
1028 2835 1074 2884 est
1090 2845 1144 2904 pro
1160 2823 1274 2882 domino
1291 2841 1405 2900 gerere:

171 3003 173 3007 Ι
266 2933 388 2992 Veteres
409 2933 490 2992 enim
507 2931 640 2993 haeredes
658 2954 714 3011 pro
732 2922 860 2994 dominis
878 2936 1093 3015 appellabant?
1133 2933 1224 3024 Adde
1243 2952 1284 2991 ex
1303 2931 1405 2989 Lon:

188 3115 191 3120 Ι
267 3039 376 3100 Bacch.
391 3049 456 3102 805.
499 3042 704 3101 “Eokeredam
724 3045 824 3104 fecero
845 3047 915 3105 vitre
936 3047 1024 3104 suae.'’
1056 3046 1145 3103 Most
1159 3051 1226 3104 228.
1263 3041 1407 3100 “Utinam
1519 3024 1520 3053 ³

266 3172 350 3212 meus
375 3172 456 3212 nunc
479 3164 611 3212 mortuos
638 3164 723 3232 pater
751 3156 790 3214 ad
818 3176 866 3214 me
893 3155 1066 3226 nuntietur;
1095 3154 1139 3212 Ut
1164 3174 1222 3230 ego
1249 3150 1408 3210 exhaeres

265 3263 339 3321 meis
358 3264 443 3321 bonis
462 3283 510 3321 me
529 3264 636 3323 faciam
656 3275 745 3343 atque
765 3264 830 3325 hoec
850 3267 888 3325 sit
908 3265 1016 3323 berea.'’

324 3422 390 3473 sso.
438 3407 676 3500 Clanculum]
724 3423 843 3481 Dimin:
871 3444 889 3481 a
907 3422 990 3480 cnm.
1030 3423 1116 3480 Infra
1136 3429 1202 3481 432.
1224 3425 1279 3481 &a

324 3586 390 3637 381.
438 3571 579 3663 Satin’.]
628 3584 725 3661 Supra
747 3594 811 3644 100.
852 3589 929 3646 Cum
947 3585 1155 3663 indignatione
1173 3545 1302 3646 dictum.

335 3787 384 3798 -—
439 3741 571 3834 Parti]
620 3754 722 3830 Antiq.
743 3755 800 3812 abl.
834 3756 911 3816 Vide
931 3757 1030 3834 Supra
1049 3765 1117 3816 310.
1154 3782 1185 3796 ’-

326 3931 392 3991 381.
439 3918 539 3992 Bene
564 3916 648 4008 fui]
697 3925 742 3988 So
765 3928 838 3990 well
862 3931 924 4014 ‘'ff”
952 3929 1056 4012 sared
1079 3950 1115 3991 so
1138 3935 1224 3997 coell-
1272 3937 1409 3999 subaud:

271 4041 336 4092 tom.
376 4037 451 4098 Vide
473 4039 569 4118 Supra
591 4041 653 4112 169.
695 4041 836 4100 Formuls
853 4054 898 4103 est
916 4065 972 4123 pro
990 4045 1087 4105 Looto
1105 4057 1245 4128 acceptos
1264 4073 1337 4110 sam.
1376 4046 1415 4106 Ut

274 4151 353 4211 Pers.
368 4155 427 4215 Sat.
443 4157 498 4216 IV.
512 4168 557 4218 30.
598 4161 765 4237 “Ingemit,
782 4161 924 4221 hoc-bene
943 4163 1006 4220 ait.''
1047 4163 1110 4224 Ubi
1128 4164 1203 4224 citat
1218 4162 1323 4221 Korn:
1346 4159 1415 4219 Hor·

275 4257 335 4316 Sat.
350 4259 391 4321 11.
404 4285 445 4322 vr.
460 4273 486 4324 4.
529 4268 636 4327 “Bene
655 4273 717 4328 est!
743 4270 817 4328 nihil
837 4273 963 4350 amplius
979 4276 1057 4331 oro.”
1098 4273 1415 4339 0v.1‹*ast.1v.399·
