3084 5017
268 477 313 539 22
698 481 748 544 M.
773 481 810 545 l.
836 482 1017 554 PLAUTI

270 679 357 751 Mn.
370 677 494 761 Mane,
531 704 646 766 mane,
684 682 835 769 obsecro,
868 681 1005 759 hercle:
1047 706 1160 785 eapse,
1204 714 1331 776 eccam,
1370 693 1444 764 exit.

506 806 597 880 nh!
623 808 742 885 Solem
768 809 893 887 vides?
1415 835 1445 895 99

368 932 482 1006 Satin’
499 944 541 1008 ut
563 945 773 1010 occoecatust
792 962 863 1047 prae
885 936 994 1034 hujus
1017 941 1169 1037 corporis
1193 942 1426 1018 candoribus?

624 1246 732 1330 ACT.
758 1248 787 1311 Ι.
838 1249 993 1313 SCENA
1018 1249 1089 1313 III.

511 1410 688 1461 EROTIUM.
723 1413 932 1465 PENICULUS.
966 1417 1210 1468 MENAEGHMUS.

265 1570 340 1645 En.
365 1569 502 1645 Anime
517 1574 579 1657 mi,
598 1572 834 1659 Menaechme,
852 1575 967 1648 salve!

809 1700 880 1775 ΡΕ.
899 1700 1003 1787 Quid
1018 1707 1110 1800 ego?

870 1826 945 1899 Eu.
964 1824 1084 1900 Extra
1096 1852 1283 1901 numerum
1300 1855 1336 1903 es
1350 1829 1444 1904 mihi.

262 1949 337 2022 Pr.
362 1948 456 2021 Item
482 1949 576 2021 istuc
600 1948 680 2020 aliis
706 1948 752 2021 ad
777 1948 953 2047 legionem
979 1952 1056 2024 fieri
1082 1951 1306 2049 adscriptivis
1332 1955 1429 2028 solet.

261 2074 348 2148 ME.
359 2074 442 2170 Ego
451 2074 533 2145 istic
542 2071 633 2145 mihi
646 2072 752 2148 hodie
765 2076 927 2172 adparari
935 2078 1064 2172 jussim
1080 2078 1175 2174 apud
1187 2080 1445 2176 te-proelium.

321 2257 344 2288 v,
357 2240 396 2287 99.
411 2239 478 2288 Prior
493 2238 572 2298 Mane,
586 2240 630 2287 ult.
644 2240 718 2289 brevi,
735 2240 958 2302 [miramonte]
992 2242 1074 2304 Eopse,
1091 2244 1127 2291 B:
1144 2260 1173 2291 ex
1187 2243 1289 2303 conject.
1303 2244 1401 2293 Acidal.
1411 2246 1445 2293 V:

261 2318 296 2365 Ab
306 2330 329 2361 se
337 2330 388 2362 ecca
396 2318 449 2448 eairj
474 2315 598 2362 rol-1³5.
614 2315 701 2363 Troch.
709 2316 774 2364 Tetr.
785 2316 839 2365 Cat
865 2318 917 2376 102,
930 2318 979 2365 103.
995 2317 1060 2366 Istuc
1068 2327 1091 2366 et
1100 2318 1165 2377 Istic,
1175 2320 1247 2378 prior.
1256 2317 1311 2377 syll.
1321 2320 1447 2380 corripitur.

263 2390 355 2453 [Supra
363 2404 388 2437 v.
399 2389 435 2436 la.

300 2510 365 2562 100.
409 2501 505 2561 δαείη]
545 2510 576 2559 ut
613 2511 781 2561 occaecatust
791 2487 849 2583 32]v
877 2504 994 2583 pejores
1016 2504 1125 2561 milites
1150 2504 1182 2562 in
1209 2505 1447 2582 supplementum

260 2599 375 2657 Satisne
398 2598 492 2667 vides,
518 2609 554 2656 ut
577 2599 628 2656 Sol
652 2599 828 2658 obscuratus
877 2602 993 2679 legere:
1014 2602 1115 2678 potius
1130 2600 1266 2659 meliores
1284 2602 1385 2679 legere
1399 2602 1446 2659 de-

258 2707 312 2765 est,
346 2696 477 2774 corporis
514 2696 613 2754 Erotii
649 2696 827 2755 candoribus
877 2687 976 2765 bebat,
998 2696 1051 2774 qui
1065 2716 1134 2754 casu
1150 2694 1377 2755 interfectorum
1390 2717 1447 2756 non

257 2794 442 2872 comparatis.
475 2793 578 2853 Laura.
619 2792 726 2852 Paullo
742 2794 827 2853 aliter
878 2801 1067 2851 terrerentur.
1119 2791 1184 2848 Imo
1209 2790 1303 2849 nihilo
1330 2792 1446 2850 viliores

258 2890 394 2947 Smer.
415 2889 520 2948 Romen
532 2889 593 2947 and
605 2888 705 2949 Julian.
876 2888 1049 2965 adscriptivi
1062 2888 1162 2947 relatis
1175 2888 1207 2945 in
1220 2908 1376 2947 numeros:
1398 2889 1448 2947 sed

271 3000 286 3020 ‘⁴
297 2997 400 3047 Itisthe
409 3007 466 3057 east,
482 2998 530 3047 and
539 2997 694 3048 Julietisthe
705 3000 756 3048 Suu
765 3000 805 3046 !-
876 2983 1018 3042 credibile
1038 2993 1082 3041 est
1103 2980 1148 3039 ael
1169 2981 1298 3041 meliores
1320 3004 1391 3053 esse,
1416 2995 1447 3041 ut

299 3072 368 3121 Arise
382 3073 426 3121 fair
440 3075 489 3121 3¹¹⁰
492 3108 632 3122 ···············
876 3078 912 3135 iis
921 3086 1102 3155 parceretur,
1116 3075 1175 3134 nisi
1187 3076 1346 3135 necessitas
1361 3098 1446 3155 coge-

298 3148 528 3269 leftlzms
536 3151 576 3197 her
588 3150 654 3197 Μ’
665 3150 826 3198 catastam
875 3184 928 3231 ret.
970 3174 1010 3231 Et
1036 3173 1092 3231 hoc
1114 3174 1181 3231 vult
1208 3171 1371 3244 Parasitus,
1397 3174 1446 3252 qui

298 3295 334 3342 A,
348 3294 455 3353 daylight
468 3296 525 3343 poth
539 3312 555 3344 a
569 3297 661 3357 lamp.’'
874 3268 1019 3344 probrum
1044 3268 1208 3326 meretricis
1234 3268 1267 3325 in
1293 3270 1446 3329 meliorem

579 3372 672 3421 Actll.
687 3373 725 3421 Sc.
734 3390 764 3421 11.
874 3374 989 3441 partem
1004 3364 1101 3421 vertit.
1130 3365 1207 3423 Cum
1221 3365 1301 3423 enim
1315 3366 1368 3425 illa
1381 3367 1444 3425 dix-

294 3474 359 3525 101.
400 3464 496 3523 Extra
513 3486 660 3525 numerum
676 3488 707 3525 es
724 3468 823 3549 mitt]
872 3461 952 3529 isset,
976 3461 1088 3519 ‘Extra
1108 3480 1268 3519 numerum
1291 3484 1323 3521 es
1344 3464 1447 3533 mihi?

253 3560 348 3617 Extra
356 3557 490 3617 ordinem
498 3579 538 3628 es,
549 3579 647 3638 neque
657 3560 688 3618 in
698 3581 823 3619 numero
874 3557 958 3635 quasi
986 3558 1106 3627 diceret,
1141 3557 1185 3615 Te
1210 3559 1294 3616 nullo
1320 3579 1446 3619 nurnero

253 3678 365 3725 eorum,
390 3657 442 3734 qui
463 3656 538 3715 mihi
558 3658 618 3732 ca'ri
639 3658 713 3716 sint:
739 3659 823 3717 nullo
872 3651 986 3722 habe03
1009 3650 1143 3727 ‘Atqui‚'
1168 3651 1267 3728 inquit
1289 3652 1350 3723 ille,
1374 3662 1445 3712 ‘non

251 3771 376 3810 numero
408 3750 482 3807 mihi
509 3770 548 3809 es.
586 3750 689 3808 Lina.
739 3749 781 3807 H.
796 3772 820 3809 e.
872 3746 1010 3805 ideonum
1024 3746 1118 3815 vilior,
1133 3757 1243 3805 namet
1256 3746 1446 3827 Adscriptivi

252 3851 345 3908 Nullo
357 3848 454 3928 pretio
467 3859 520 3907 aut
532 3848 606 3905 loco.
637 3847 708 3905 Vid.
723 3848 819 3907 Gloss.
871 3842 910 3899 ad
929 3843 1088 3919 legionem,
1111 3842 1185 3918 (non
1203 3843 1323 3904 Vlli0res
1343 3847 1445 3905 relatis

292 3968 356 4019 102,
410 3958 623 4038 Adscrippivps]
687 3957 820 4017 ‹picked
869 3936 1446 4013 innumeros,)extranumerumsunc'“

251 4068 361 4134 troops,
379 4057 455 4138 kept
466 4078 498 4115 as
511 4078 529 4114 a
542 4076 628 4135 corps
641 4055 676 4112 de
688 4058 819 4113 reseras!
911 4063 974 4115 103.
1017 4053 1186 4132 Proelium]
1236 4054 1360 4117 Urbane
1388 4060 1445 4118 hoc

252 4153 330 4210 Nam
355 4152 491 4211 observat
517 4150 696 4219 Gronovius,
722 4147 819 4207 ”Non
869 4150 955 4219 dixit,
961 4148 1120 4229 prandium
1128 4149 1308 4226 significans,
1320 4173 1446 4213 manens

250 4244 461 4323 contemptiores
490 4244 583 4303 fuisse
612 4243 817 4321 adscriptivos,
868 4248 900 4306 in
913 4246 1105 4307 translatione
1123 4246 1279 4323 superiori,
1302 4270 1372 4327 qure
1387 4252 1445 4310 du·

249 4342 369 4422 pessimi
406 4341 484 4399 enirn
521 4340 708 4418 imperatoris
741 4351 818 4400 esset
869 4343 1023 4401 citurare
1035 4340 1164 4410 militari.
