3084 5017
655 424 706 487 Μ.
730 425 773 487 A.
800 420 986 487 PLAUTI

322 620 445 704 Istros,
471 616 667 717 Hispanos,
693 618 945 703 Massiliensis,
971 615 1126 698 Illurios,

321 744 430 817 Mare
456 767 622 841 superum
648 770 763 830 omne,
789 742 1036 838 Graeciamque
1061 738 1244 820 exoticam,

323 866 485 965 Oresque
510 867 656 941 Italicas
682 872 807 956 omnis,
834 894 904 966 qua
928 864 1136 964 adgreditur
1160 887 1265 944 mare,

326 991 458 1065 Sumus
484 995 720 1069 circumvecti.
774 995 816 1070 Si
841 1019 955 1078 acum,
981 991 1095 1077 credo,
1122 1008 1315 1086 quaereres3
1374 991 1424 1047 155

324 1116 442 1190 Aoum
469 1118 674 1204 invenisses,
700 1121 730 1192 si
756 1120 952 1217 adpareret,
973 1119 1050 1211 jam
1076 1114 1150 1187 diu.

325 1240 527 1314 Hominem
549 1243 644 1316 inter
667 1245 764 1343 vivos
787 1243 1013 1339 quaeritamus
1039 1248 1235 1311 mortuom:

327 1364 425 1439 Nam
449 1369 705 1441 invenissemus
725 1373 803 1464 jam
830 1367 903 1452 diu,
930 1368 959 1440 si
985 1366 1131 1438 viveret.

229 1489 314 1563 ME.
335 1490 400 1564 So.
429 1492 529 1589 Ergo
553 1495 648 1567 istuc
673 1520 789 1592 quaero
815 1503 951 1567 certum
977 1491 1039 1587 qui
1064 1488 1173 1561 faciat
1197 1483 1308 1567 mihi3

329 1618 402 1702 Qui
428 1642 502 1689 sese
528 1617 626 1691 dicat
648 1621 747 1704 scire,
774 1644 855 1693 eum
883 1644 956 1691 esse
981 1627 1170 1687 mortuom.
1372 1606 1421 1667 1⁶0

328 1738 484 1837 Operam
509 1754 679 1839 praeterea
703 1768 887 1839 nunquam
912 1764 1049 1813 sumam
1076 1760 1250 1835 quaerere;

328 1844 469 1939 Verum
495 1867 599 1941 aliter
624 1871 721 1941 vivos
746 1892 930 1965 nunquam
957 1866 1124 1939 desistam
1152 1860 1315 1958 exsequi.

330 1990 413 2085 Ego
438 1990 551 2063 illunc
576 1994 657 2078 scio,
684 2017 790 2088 quam
815 1992 909 2065 cordi
936 1993 982 2063 sit
1008 2016 1108 2064 carus
1133 1992 1233 2061 meo!

232 2114 334 2186 Mus.
349 2111 397 2183 In
424 2114 536 2209 scirpo
559 2115 692 2188 nodum
720 2118 855 2212 quaeris.
909 2116 1007 2201 Quin
1032 2140 1096 2187 nos
1122 2112 1208 2186 hinc
1235 2111 1377 2183 domum

330 2234 521 2320 Redimus,
547 2241 617 2311 nisi
641 2243 671 2312 si
695 2239 880 2315 historiam
904 2243 1069 2338 scripturi
1095 2242 1246 2313 sumus?
1371 2234 1416 2295 165
1495 2348 1496 2351 ,

272 2439 296 2470 v.
308 2423 359 2471 155.
389 2424 478 2474 Sumu’.
508 2428 543 2486 Si,
558 2430 670 2479 nonelid.
703 2434 751 2481 163.
767 2434 855 2494 Ilione,
870 2436 933 2494 prior
943 2434 998 2493 svll.
1009 2434 1095 2493 corrip.
1113 2434 1160 2496 [Ut
1170 2433 1195 2481 in
1206 2432 1273 2481 Prol.
1282 2426 1383 2487 theto]

276 2593 341 2654 159.
381 2586 493 2667 Istue]
516 2592 607 2649 ‘Iam
617 2596 742 2674 secking
754 2598 801 2655 for

236 2701 294 2739 oue
301 2680 371 2738 who
385 2702 440 2741 can
449 2705 549 2745 assure
559 2708 607 2747 me
617 2691 653 2747 of
661 2691 720 2751 this
728 2714 801 2771 very

237 2777 317 2835 fact'
359 2777 422 2848 Qui
447 2780 522 2837 mihi
552 2782 633 2841 istud
662 2786 720 2845 fide
748 2808 802 2846 sua

236 2879 366 2948 praestet,
391 2890 500 2950 nempe
520 2894 590 2931 eum
613 2897 675 2936 esse
697 2898 801 2939 revera

237 2973 398 3021 mortuum.

281 3070 348 3130 162.
388 3072 509 3151 Alisca]
537 3076 579 3132 H.
590 3098 615 3137 e.
644 3080 711 3137 Nisi
732 3102 802 3139 eum

239 3166 290 3225 vel
303 3167 407 3224 vivum
419 3169 576 3240 inveniam,
591 3174 641 3231 vel
651 3186 802 3236 mortuum

240 3276 306 3317 esse
319 3257 425 3314 certior
436 3259 492 3315 sim
504 3262 609 3321 factus.
642 3264 802 3344 Perpetem

241 3366 312 3406 cum
326 3347 440 3424 exsequi
450 3350 553 3426 jungit
566 3352 685 3412 Pareus.

281 3487 323 3504 --
367 3455 478 3535 Vives]
526 3460 642 3521 ‘While
677 3466 694 3522 1
726 3467 802 3528 live.¹

247 3551 355 3615 vovum
366 3552 415 3609 i.e.
426 3551 580 3613 dumvivo.
587 3558 802 3623 CitatAcrmrn.

245 3643 357 3720 Amph.
368 3651 433 3702 242.

258 3757 276 3780 “
288 3755 327 3802 Tu
336 3770 375 3803 me
385 3758 442 3803 uicos
452 3757 520 3807 hodie
532 3775 654 3820 nunquam
666 3765 738 3815 facies
749 3770 805 3828 quin

319 3826 363 3874 sim
377 3828 467 3877 Sosia.''

290 3918 355 3976 163.
393 3920 489 3981 Illaec
508 3926 575 3996 scio,
594 3930 668 4008 eto]
702 3934 807 3997 Graeca

249 4013 438 4083 constructio,
465 4036 532 4091 quae
558 4020 636 4080 valet
657 4023 690 4081 id
716 4030 807 4103 quod,

250 4098 341 4157 ‘Scio
366 4120 454 4177 quam
480 4128 563 4167 carus
590 4112 628 4169 sit
652 4113 700 4172 ille
725 4120 807 4177 cordi

251 4193 337 4250 meo’
368 4191 415 4251 Sic
435 4196 523 4258 Hom.
543 4200 588 4259 In.
603 4202 645 4260 11.
659 4214 723 4274 4119.

875 2598 972 2644 “'Hdss
986 2598 1037 2659 γάρ
1052 2598 1119 2645 κατὰ
1134 2598 1211 2658 θυμὸν
1226 2595 1379 2657 ἀδελφεὸν,
1392 2588 1417 2635 ⁰²¹⁹
1495 2632 1496 2637 ,

919 2672 1060 2717 twovsrwss'

901 2827 963 2888 164.
1004 2828 1044 2885 In
1063 2828 1161 2907 scirpo
1178 2830 1284 2887 nodum
1299 2821 1418 2908 queris]
1496 2829 1497 2858 1

859 2920 1002 2980 Proverb.
1027 2922 1064 2979 de
1085 2942 1118 2979 re
1139 2922 1329 2999 impossibili.
1362 2918 1419 2975 Ter.
1495 2954 1496 2995 p

860 3014 954 3072 Andr.
970 3015 1006 3071 V.
1027 3034 1071 3072 rv.
1093 3024 1139 3075 38.
1183 3016 1248 3075 Ubi
1277 3018 1325 3094 (ut
1349 3015 1375 3072 h.
1390 3011 1418 3085 l.)

861 3106 1015 3183 significet,
1040 3109 1124 3177 Rern,
1145 3130 1215 3186 quae
1233 3112 1354 3169 omnino
1368 3102 1420 3165 fieri

860 3202 973 3279 nequit,
1001 3204 1094 3263 nimia
1117 3208 1312 3268 solicitudine
1334 3222 1420 3287 prose·

862 3297 969 3372 queris.
1003 3298 1073 3356 Vid.
1093 3301 1184 3378 plura
1202 3303 1237 3361 in
1259 3306 1356 3363 Gloss.

903 3478 966 3539 165.
1000 3481 1166 3543 Historiam
1178 3489 1352 3570 scriptori]
1370 3489 1422 3547 Iro·
1495 3558 1496 3585 ,

862 3570 919 3627 nia.
943 3570 1042 3630 Inteli.
1081 3574 1276 3641 Jomdudum
1306 3580 1422 3663 peregri·
1496 3607 1497 3610 ’

862 3664 953 3721 nandi
965 3666 1055 3725 finem
1068 3670 1175 3730 fecisse
1190 3675 1362 3748 debuimus,
1378 3672 1424 3735 nisi

862 3754 939 3813 forte
959 3758 1086 3817 velimus
1104 3762 1200 3823 libros
1219 3769 1423 3853 geographicor

864 3851 901 3909 de
929 3854 990 3914 situ
1022 3858 1112 3927 orbis,
1147 3860 1368 3948 historiamque
1396 3863 1425 3921 de

863 3941 1018 4005 hominum
1033 3952 1168 4024 moribus
1187 3962 1386 4031 conscribere,
1403 3964 1425 4015 et

864 4034 973 4097 ideirco
983 4051 1028 4100 tot
1036 4052 1185 4107 terrarum
1200 4054 1269 4112 oras
1280 4056 1425 4134 perambu-

864 4127 966 4201 lamus,
994 4145 1098 4214 totque
1120 4146 1213 4205 maria
1240 4146 1425 4211 circumvehi·
1495 4146 1496 4161 ³

864 4237 938 4278 mur.
980 4226 1026 4285 Ex
1047 4229 1150 4293 Lumn.
