3084 5017
255 456 320 524 130
622 456 626 465 '
670 456 986 521 GLOSSARIUM

250 669 302 712 seu
321 651 471 728 ,virgulam
488 650 601 709 librarii
621 651 659 715 od
676 651 888 730 exprimendus
907 651 935 707 N
956 651 1005 710 vel
1026 649 1059 706 Μ
1079 650 1180 719 literas
1204 646 1403 726 scriptitantes

249 765 281 822 in
301 762 521 840 antiquioribus
539 762 726 833 invenerint3
747 783 808 821 non
828 764 904 822 male
924 763 1094 842 suspicetur
1112 760 1221 820 Juetus
1234 759 1318 838 Lips.
1341 757 1404 834 (De

249 886 322 936 rect
333 894 427 954 pron.
447 876 513 934 Lst.
529 875 642 953 Lingu.
663 877 735 954 Cap.
750 878 793 955 5.)
815 876 886 935 hino
905 876 1014 934 malem
1034 873 1212 955 scripturam
1231 869 1404 949 provenisse

250 1005 368 1056 vocum,
390 983 546 1058 Quotiens,
569 983 701 1055 Totiens,
724 987 922 1059 Vicensimus,
943 987 1144 1056 Formosus,
1165 992 1245 1044 etc.“
1284 981 1403 1056 Formo.

250 1100 299 1158 De
320 1098 383 1156 Vir.
405 1097 464 1155 AEt.
485 1098 564 1156 L.L.
586 1099 658 1176 Cap.
674 1106 701 1158 8.
723 1098 749 1174 ξ.
763 1120 806 1158 rx.

306 1277 641 1371 41.‘Portitorem.]
679 1289 929 1352 Cererem-house
945 1291 1060 1377 offiem
1103 1290 1201 1368 Cujus
1214 1294 1279 1346 erat
1288 1291 1402 1364 potum

246 1413 392 1482 obsidere,
420 1422 450 1471 et
476 1412 576 1471 omnis
601 1412 753 1482 sciscitari,
775 1423 809 1472 ut
828 1429 868 1473 ex
885 1414 923 1472 iis
943 1413 1072 1491 vectigal
1092 1419 1231 1474 sumeret
1279 1405 1404 1465 confert

248 1521 377 1592 Nonius,
398 1521 459 1581 Cic.
475 1521 549 1600 Rep.
564 1521 619 1580 IV.
661 1523 769 1582 “Nolo
792 1525 923 1584 eundem
948 1525 1096 1604 populum
1122 1524 1344 1601 imperatorem,
1373 1528 1404 1577 et

244 1628 411 1712 portitorem
431 1650 495 1690 esse
514 1633 688 1690 terrarum.”
716 1632 764 1691 De
771 1626 838 1690 Off.
881 1634 1122 1712 “Improbantur
1142 1630 1164 1688 ii
1184 1639 1328 1708 quaestus,
1349 1625 1404 1704 qui

245 1746 277 1803 in
291 1744 360 1816 odia
368 1744 524 1802 hominum
536 1743 703 1814 incurrunt,
715 1757 750 1802 ut
762 1744 960 1823 portitorum.”
982 1745 1050 1804 Ter.
1064 1743 1186 1802 Phorm.
1211 1739 1404 1819 “Epistolam

246 1860 349 1920 audivi
363 1859 401 1918 ad
413 1858 579 1940 portitorem
593 1880 656 1919 esse
671 1860 826 1919 deletam*
847 1860 959 1919 Noster
973 1859 1061 1918 Asin.
1077 1867 1142 1919 143.
1183 1854 1321 1914 Trinum-
1335 1853 1403 1920 760.

253 2009 254 2013 ¹
302 2093 354 2106 -
378 2047 537 2119 Domum
556 2043 676 2137 duxi]
713 2052 832 2114 Ibaoe
849 2052 1002 2114 married.
1051 2054 1134 2113 Hine
1152 2052 1289 2112 absolute
1308 2005 1403 2113 deei,·

245 2178 328 2256 quod
346 2176 385 2236 ed
405 2174 498 2234 virum
526 2176 621 2235 solnm
647 2176 787 2255 pertinet,
816 2186 851 2234 ut
877 2167 983 2233 nubem
1007 2173 1046 2232 ed
1062 2171 1217 2251 feminam.
1259 2167 1403 2227 Notabile

245 2285 416 2368 exemplum
438 2290 554 2367 praebet
580 2289 637 2348 Ov.
659 2291 733 2348 Met.
755 2289 811 2347 lx.
833 2287 900 2356 762.
945 2284 1072 2356 “Sacra,
1094 2286 1206 2364 quibus
1233 2284 1286 2363 qui
1315 2282 1403 2341 ducat

243 2402 338 2469 obest,
365 2401 419 2460 ubi
445 2397 577 2457 nubimus
603 2401 724 2460 ambae.”
767 2398 830 2475 (De
849 2398 964 2477 nuptiis
984 2417 1058 2475 quas
1079 2395 1165 2474 Iphis
1184 2393 1307 2462 femina,
1333 2401 1406 2472 post

247 2515 292 2574 vir
311 2515 417 2588 faetus,
438 2535 507 2574 cum
528 2513 634 2574 Ianthe
654 2515 766 2574 inituro
785 2516 872 2592 erat)

257 2672 259 2678 ’
304 2698 351 2753 se.
400 2665 605 2775 Facturus]
655 2692 1209 2763 Intell.eim;sic‚1nsrsesr‚&e.

235 2903 237 2909 ·
300 2891 348 2942 ss.
390 2868 566 2962 Pennus]
611 2877 741 2973 Stom-
760 2879 937 2940 mnenon
953 2880 1051 2970 noff.⁴
1086 2880 1181 2959 spuo
1201 2880 1240 2940 A.
1251 2881 1331 2940 oen.
1344 2880 1403 2938 1v.

247 2993 272 3064 i.
293 3004 345 3063 sub
354 3005 415 3084 fin.
449 2999 543 3066 ”Non
563 3023 631 3081 quae
652 2983 716 3061 esui
737 3011 854 3061 tantum
875 3012 906 3061 et
924 3003 1010 3080 potui
1031 3010 1110 3072 sunt,
1125 2998 1178 3061 sed
1197 3012 1247 3062 tus
1267 3023 1404 3082 quoque,

245 3125 275 3175 et
294 3134 403 3184 cereos,
431 3092 564 3208 inspersis
592 3123 688 3183 esse,“
714 3113 861 3191 legimus3
889 3113 1009 3192 ”Ligna
1029 3132 1160 3193 quoque,
1181 3125 1211 3174 et
1232 3113 1341 3192 virgas,
1371 3126 1405 3174 et

246 3231 398 3298 carbones,
420 3228 601 3308 quibusdam
622 3223 718 3288 videri
738 3249 803 3289 esse
822 3229 854 3287 in
873 3236 982 3308 penu.“
1021 3225 1139 3289 ibidem
1159 3235 1252 3299 notat,
1277 3223 1404 3287 ''Penus

244 3343 325 3403 dicta
344 3362 418 3411 esse,
445 3341 527 3419 quod
547 3361 608 3414 non
627 3342 660 3400 in
678 3353 801 3422 promtu
828 3343 897 3414 sint,
926 3342 977 3402 sed
1003 3343 1086 3402 intus
1111 3353 1143 3402 et
1164 3343 1282 3422 penitus
1308 3343 1404 3404 babe-

208 3523 211 3530 ¹
244 3459 364 3511 antur.“
408 3449 506 3508 Penus
534 3470 665 3528 quoque,
696 3451 835 3531 (inquit)
865 3453 954 3510 variis
984 3453 1144 3529 generibus
1173 3464 1228 3522 est,
1259 3464 1290 3512 et
1318 3454 1403 3513 varie

244 3561 420 3622 declinatur.
461 3559 542 3618 Nem
562 3567 592 3619 et
612 3560 663 3618 hoo
687 3575 791 3640 penus,
819 3572 850 3620 et
876 3561 937 3621 hoeo
959 3582 1064 3642 pense,
1091 3575 1122 3622 et
1147 3562 1238 3642 hujus
1259 3565 1341 3643 peni,
1369 3576 1403 3624 et

240 3669 368 3752 perierit,
388 3680 419 3730 et
436 3669 586 3748 penitoris,
608 3680 639 3730 et
654 3671 783 3750 penoris,
805 3674 929 3734 Veteres
949 3675 1147 3734 dietaverunt

302 3861 349 3912 46.
398 3843 500 3919 Bene
524 3843 695 3943 praebeo.]
743 3854 847 3919 Allow
870 3878 935 3939 you
958 3859 1190 3941 tondeomely3
1217 3859 1376 3943 liberolly.

251 4087 260 4100 .
300 4078 351 4096 -
401 4038 611 4138 Quidquam
635 4038 747 4142 eges]
803 4055 895 4136 Ego,
916 4068 948 4119 et
967 4057 1067 4119 simill.
1095 4077 1165 4120 eum
1192 4079 1289 4122 ocem.
1315 4063 1401 4142 apud

244 4167 335 4248 hujus
363 4179 393 4229 et
425 4170 555 4248 proximi
582 4172 640 4233 srvi
673 4174 832 4253 scriptores
860 4187 1083 4239 construuntur.
1123 4180 1195 4242 sau.
1218 4182 1255 4242 Β.
1276 4183 1307 4244 J.
1332 4192 1400 4246 108.

246 4281 374 4340 t‘Loeus
390 4301 489 4359 poseo
510 4283 683 4344 munimento
704 4285 833 4365 egebat.'²
873 4291 952 4352 Vide
970 4293 1003 4352 in
1023 4315 1052 4353 v.
1068 4301 1132 4354 140.

1532 1106 1534 1120 Ι

1532 1138 1534 1149 r
