3084 5017
261 448 325 511 184
674 449 980 560 GLossIRIUM

300 652 366 719 617·
416 642 696 735 praedicabant]
753 655 842 717 Gave
864 662 931 717 out.
974 660 1072 737 Supra
1092 668 1158 719 320.

300 850 367 911 620·
416 842 559 936 Canes]
603 858 682 917 vett.
704 878 760 935 pro
781 858 872 916 canis.
914 860 957 919 Ut
969 859 1058 937 feles,
1082 860 1151 936 (pro
1164 856 1266 935 felia)
1281 856 1405 915 Phaedr.

253 964 326 1023 Fab.
348 965 390 1023 11.
412 985 452 1024 ιν.
473 976 500 1026 2.

300 1146 366 1206 621.
416 1136 594 1238 Ρθτρθῒί.]
634 1148 778 1211 Endure
794 1167 861 1227 any
876 1148 997 1225 longer.
1042 1150 1118 1207 Nam
1136 1146 1250 1228 perpeti
1271 1157 1323 1218 est,
1345 1146 1402 1203 du-

253 1280 321 1319 rare
341 1261 372 1318 in
389 1260 534 1340 patiendo.
577 1262 652 1321 Vide
674 1262 774 1341 Supra
793 1270 858 1321 322.

299 1442 366 1501 629·-
414 1438 598 1527 AEtatem.]
651 1443 708 1505 All
734 1464 787 1523 my
815 1444 882 1526 lise.
925 1446 1021 1504 Sensu
1045 1444 1126 1523 apud
1151 1444 1293 1500 Nostrum
1316 1440 1401 1498 haud

250 1582 326 1620 raro.
366 1562 453 1620 Cure.
469 1570 533 1631 549.
575 1562 734 1640 “AEgrota,
758 1564 782 1621 si
805 1563 859 1631 νίς,
881 1582 936 1639 per
954 1582 1003 1619 me
1016 1569 1126 1619 oetatem
1145 1558 1293 1638 quidem.”
1335 1556 1403 1633 (All

245 1691 322 1749 your
342 1669 402 1749 lffe,
426 1672 473 1729 for
494 1672 574 1731 what
598 1673 611 1729 I
634 1674 724 1751 care.)
774 1672 886 1751 Amph.
900 1679 966 1731 858.
1009 1671 1127 1729 “Vivus
1149 1676 1260 1727 oetalem
1282 1667 1400 1725 miser.”

251 1784 318 1842 Ter.
335 1784 410 1843 Hec.
425 1784 461 1839 V.
477 1804 496 1841 1.
510 1794 537 1843 2.
572 1785 708 1863 “Neque
721 1785 771 1843 ille
784 1785 842 1844 hoc
855 1792 966 1843 oetatem
979 1783 1078 1841 animo
1091 1782 1173 1841 erit?
1212 1781 1287 1856 (For
1300 1781 1397 1854 ever.)

246 1895 339 1972 Apud
362 1894 483 1953 Graecos
504 1896 569 1953 αἰών
589 1916 804 1975 nonnunquam
826 1916 881 1973 pro
902 1895 962 1953 vita
976 1904 1138 1971 usurpatur
1148 1915 1157 1962 ;
1181 1892 1271 1950 Hom.
1293 1891 1337 1948 ΙΙ..
1358 1890 1395 1945 V.

248 2008 314 2067 685.
349 2008 474 2065 Ἔπειτσί
495 2034 527 2076 με
549 2010 592 2065 καὶ
613 2016 688 2065 λίπω
709 2010 788 2065 αἶιόν
807 2012 835 2065 ἐν
856 2011 936 2064 πόλει
958 2002 1089 2086 ὑμετέρῃ.

305 2224 355 2234 -
410 2176 596 2267 Viduam]
639 2187 687 2245 De
706 2187 762 2245 hoc
784 2188 876 2245 verbo
897 2186 973 2243 Vide
994 2185 1092 2262 Supra
1111 2192 1158 2250 37.

303 2412 353 2424 -
409 2365 453 2437 M
457 2366 614 2456 avelim]
658 2375 756 2452 Magis
771 2374 870 2442 velim,
884 2371 1004 2429 mactem.
1042 2368 1217 2428 Mazoenim
1232 2366 1329 2427 esti&
1344 2386 1394 2444 qu.

247 2494 342 2569 magis
362 2492 447 2563 volo;
470 2493 596 2561 Mavult,
616 2493 712 2569 magis
732 2492 816 2560 vult3
838 2494 891 2550 &c.

294 2658 361 2718 626.
410 2648 567 2723 Narrent
583 2646 749 2741 fabulam]
795 2655 869 2717 Tell
885 2655 965 2717 such
982 2655 1046 2716 idle
1063 2654 1186 2715 stories.
1231 2655 1314 2713 Infra
1327 2661 1393 2713 820.

246 2774 300 2831 διο.
340 2772 409 2831 Ter.
433 2772 543 2831 Heaut.
567 2772 721 2831 I.111.10.
763 2780 783 2805 “
793 2771 885 2829 Haud
907 2771 971 2840 scit,
995 2791 1084 2848 quam
1105 2768 1178 2827 mihi
1202 2786 1283 2825 nunc
1303 2765 1394 2823 surdo

247 2891 346 2941 narret
356 2882 521 2960 fabulam.'’

293 3058 360 3125 627.
407 3046 641 3141 Praeterhac.]
691 3054 766 3151 Any
790 3057 911 3135 longer.
954 3058 1053 3136 Supra
1072 3058 1118 3117 36.

292 3243 358 3303 628.
405 3234 618 3325 perferam]
661 3245 767 3302 Feram
785 3251 931 3321 perpetuo.
966 3242 1047 3302 Vide
1066 3244 1098 3302 in
1118 3264 1146 3301 v.
1166 3242 1232 3302 621.

291 3426 359 3496 629.
406 3420 490 3491 Mea
518 3414 650 3508 causa]
705 3428 790 3487 Infra
809 3436 876 3497 927.
908 3428 997 3507 Epid.
1021 3426 1087 3487 665.
1128 3429 1239 3486 “Dum
1260 3425 1323 3484 sine
1342 3444 1391 3483 me

243 3557 368 3615 quaeras,
390 3557 450 3595 mea
470 3558 562 3597 causa
584 3557 699 3615 quaeras
721 3537 769 3596 vel
790 3535 890 3595 medio
909 3536 942 3593 In
963 3536 1062 3594 mari.''
1107 3535 1187 3593 Rud.
1202 3542 1248 3601 37.
1289 3533 1390 3591 “Mea

243 3647 355 3727 quidem
375 3646 469 3707 hercle
489 3668 578 3705 causa
600 3648 695 3706 salvos
716 3647 765 3717 sis,
785 3647 881 3706 licetss'

289 3818 356 3880 636.
404 3806 626 3901 Αῒοθεεᾶῐη.]
675 3815 752 3878 Will
776 3815 858 3878 send
875 3816 943 3899 for.
985 3817 1048 3875 Alii
1076 3818 1211 3878 scribunt
1234 3837 1388 3875 accersam.

242 3934 352 3992 Funcc.
395 3930 467 4010 Cap.
490 3931 579 3988 VIII.
602 3930 627 4005 §.
650 3950 709 3989 v11.
748 3931 892 3988 ''Arcesso
912 3929 1063 4007 plerisque
1083 3928 1171 3987 hodie
1191 3948 1307 3986 accerso
1326 3947 1388 3986 non

241 4044 310 4101 satis
324 4053 460 4101 accurate
478 4041 631 4101 scribitur:
654 4052 699 4099 est
716 4040 795 4098 enim
813 4040 989 4117 abantiquo
1002 4039 1090 4097 arcio.
1131 4040 1198 4097 Imo
1214 4039 1319 4097 volunt
1337 4038 1388 4096 alii

240 4174 355 4214 accerso
374 4154 492 4213 differre
513 4156 551 4213 ab
572 4174 686 4213 arcesso
694 4176 707 4239 .³'
731 4164 761 4211 et
779 4153 835 4213 hoc
848 4153 928 4211 idem
942 4173 1005 4211 esse
1019 4152 1099 4229 quod
1119 4172 1211 4221 arceo,
1225 4152 1300 4211 illud
1315 4173 1389 4212 vero

239 4267 318 4325 idem
339 4266 420 4343 quod
440 4265 575 4325 66600οὲί
