3084 5017
229 478 273 540 40
662 476 710 538 M.
736 476 774 538 A.
800 476 985 541 PLAUTI

230 678 306 751 En.
331 676 405 750 Gur
421 676 535 774 igitur
554 675 623 748 tibi
644 700 702 749 me
715 675 858 771 jussisti
876 701 1024 774 coquere
1042 674 1178 749 dudum
1199 676 1424 774 prandium?

231 802 318 875 Mn.
328 799 447 899 Egon'
463 808 502 872 ce
510 800 604 895 junci
618 801 794 898 coquere?

780 926 858 1000 Eu.
887 926 994 1001 Certo
1011 928 1079 1001 tibi
1096 938 1134 1002 et
1150 931 1306 1025 parasito
1324 939 1399 1003 tuo.

231 1052 435 1139 Mu.Quoi‚
463 1050 611 1135 malum,
636 1052 820 1148 parasito?
861 1050 972 1125 Certo
995 1051 1070 1127 haec
1089 1053 1221 1127 mulier
1241 1079 1314 1128 non
1336 1078 1426 1127 sona

477 1186 532 1250 est
557 1176 654 1249 sotis.
1362 1193 1425 1255 299

231 1303 308 1377 Eu.
329 1300 518 1375 Peniculo.

380 1424 467 1499 Mu.
486 1424 564 1512 Qui
575 1428 645 1500 iste
658 1437 713 1500 est
724 1426 947 1501 Peniculus?
960 1428 1022 1523 qui
1034 1439 1268 1525 extergentur
1276 1429 1422 1531 baxeae?

229 1555 304 1628 Eu.
331 1552 488 1639 Scilicet,
514 1554 577 1651 qui
602 1553 740 1627 dudum
763 1565 882 1629 tecum
905 1556 1015 1639 venit,
1043 1580 1149 1651 quom
1172 1555 1307 1653 pallam
1328 1552 1424 1629 mihi

329 1678 523 1766 Detulisti,
541 1705 648 1777 quam
662 1682 708 1754 ab
720 1706 831 1755 uxore
843 1692 909 1755 tuo
923 1680 1149 1779 subripuisti?

1120 1808 1204 1879 ΜΕ.
1223 1805 1323 1892 Quid
1336 1808 1420 1880 est?

326 1932 415 2007 Tibi
426 1933 560 2031 pallam
573 1933 668 2018 dedi,
681 1958 789 2030 quom
799 1934 904 2006 uxori
914 1958 1005 2007 meae
1016 1935 1206 2032 subripui?
1224 1939 1343 2007 sanen'
1358 1937 1420 2007 es?

328 2056 437 2132 Certe
462 2057 538 2133 haec
562 2059 693 2134 mulier
718 2058 927 2133 cantherino
953 2061 1028 2133 ritu
1054 2060 1198 2133 adstans
1224 2060 1389 2134 somniat.

227 2185 303 2258 En.
328 2185 402 2269 Qui
414 2185 516 2259 lubet
527 2185 684 2260 ludibrio
694 2184 825 2259 habere
835 2211 894 2260 me
907 2197 1014 2284 atque
1027 2188 1079 2259 ire
1089 2186 1227 2259 inficias
1240 2184 1342 2270 mihi,
1361 2200 1421 2253 305

328 2308 444 2383 Facto
457 2333 538 2405 quae
551 2313 661 2383 sunt?

460 2435 549 2509 Mn.
569 2435 656 2523 Dic,
669 2438 757 2535 quid
768 2439 882 2524 estid,
896 2438 992 2536 quod
1003 2464 1131 2535 negem
1144 2437 1240 2535 quod
1250 2436 1419 2511 fecerim?

227 2658 251 2688 v.
266 2640 319 2688 298.
344 2640 419 2701 Egon'
436 2651 467 2700 te,
483 2642 564 2702 rapide
579 2644 750 2704 pronuntinnd.
776 2644 857 2709 [Infra
871 2641 936 2703 555]
962 2643 1022 2697 Tibi,
1040 2658 1088 2690 non
1108 2642 1165 2692 elid.
1195 2643 1248 2690 302.
1265 2643 1350 2700 Quom,
1371 2656 1422 2689 non

416 2716 534 2779 liquescit.
562 2718 617 2767 303.
633 2718 699 2777 Μαι,
714 2719 842 2777 monosyll.
860 2716 1028 2782 [sopiam]
1060 2718 1113 2767 304.
1130 2716 1226 2766 Ritcd.

227 2876 317 2936 mula.
332 2872 795 2948 QueliasuutGraeoe,Kdnlwc'‚
847 2890 920 2930 voce
954 2874 1118 2945 Peniculo;
1159 2885 1194 2933 ut
1227 2874 1325 2952 Supra
1351 2880 1421 2935 201.

226 2974 357 3046 Ἐπαινῶ,
380 2984 410 3033 et
432 2974 529 3033 simill.
568 2974 716 3052 Exemplo
734 2973 796 3031 vid.
848 2972 958 3033 Similis
978 2983 1023 3032 est
1037 2974 1124 3053 jocus
1143 2973 1176 3030 in
1192 2973 1313 3031 nomine
1326 2971 1420 3031 Para-

226 3071 258 3129 in
277 3072 376 3130 Gloss.
846 3070 906 3140 siti,
921 3069 1043 3129 Cur-cul.
1058 3076 1124 3129 581.

264 3217 305 3229 -
348 3182 420 3241 Tam
437 3182 540 3261 gratia
559 3183 631 3262 m]
661 3180 795 3239 ‘Nema
844 3182 893 3231 Τιι.
910 3183 984 3232 “Ubi
999 3198 1063 3232 nunc
1079 3182 1250 3233 Curculionem
1266 3181 1404 3230 invenieml

225 3277 335 3337 theless
350 3275 403 3335 the
421 3276 527 3334 favour
540 3276 566 3334 is
582 3276 622 3334 all
639 3275 690 3333 the
704 3293 793 3345 some,
949 3334 954 3345 ,
1049 3259 1097 3309 ⁰⁸·
1127 3260 1158 3307 1¹¹
1172 3257 1250 3306 “5⁶⁰⁰
1264 3257 1390 3313 smum*

288 3374 295 3389 .
604 3372 611 3387 .
657 3372 664 3386 .
712 3371 719 3387 .
787 3373 794 3393 ,
845 3334 893 3382 Vel
914 3342 1055 3395 quingentos
1075 3334 1217 3381 curculiones
1235 3348 1281 3391 pro
1298 3348 1347 3381 uno
1363 3332 1420 3381 faxo

226 3375 274 3455 (cr
286 3374 316 3432 rf
324 3374 340 3431 I
355 3373 498 3451 accepted
510 3393 588 3451 your
603 3375 785 3449 1nv1tat10n).

229 3470 303 3530 Tam
337 3488 393 3547 pro
423 3475 531 3527 tumen:
565 3466 683 3545 [Supra
710 3467 795 3546 170.]
903 3408 1032 3531 repones?
1090 3528 1096 3540 ,
1251 3528 1258 3541 ,
1366 3527 1397 3543 ,,

226 3564 319 3626 Stich·
333 3571 400 3624 450·
888 3538 954 3590 304.
998 3529 1157 3608 Somniat]
1198 3527 1420 3606 Qmuquesrm

238 3679 359 3727 ..νοωῐα
376 3684 412 3725 oet
431 3690 504 3736 opera
522 3690 586 3724 mc
611 3674 723 3735 quidem
748 3684 796 3721 ram
846 3627 956 3688 somnio
965 3621 1419 3702 nugaoetdeliramentaloqui-

296 3753 378 3812 grana
393 3749 453 3798 ..ιβ’
844 3734 903 3782 tur.
924 3722 973 3783 Sic
980 3722 1066 3780 Infra
1074 3718 1140 3781 406.
1160 3719 1270 3777 Confer
1281 3719 1418 3778 Saum.

224 3846 313 3906 Adde
329 3843 440 3904 Pseud.
455 3851 521 3911 715.
845 3845 909 3894 Aur.
920 3846 945 3893 S.
961 3844 1062 3892 “What
1078 3858 1127 3891 was
1143 3842 1155 3889 I
1171 3840 1275 3889 married
1292 3848 1318 3888 to
1334 3841 1377 3889 her
1393 3840 1418 3887 in

263 3959 337 4011 ³⁰⁰³
372 3948 432 4016 Qui
448 3956 632 4027 entogentur
646 3946 746 4004 baneoe
757 3946 794 4026 ³]
846 3994 881 4042 or
894 3919 1053 4055 slipiff
1063 3989 1187 4040 aarum
1202 3987 1419 4038 mosomum

225 4047 294 4107 ‘Do
316 4071 377 4127 you
398 4069 485 4109 mean
509 4048 560 4106 the
582 4066 696 4126 sponge
719 4044 794 4103 with

224 4142 322 4202 Which
354 4167 406 4224 my
437 4144 524 4255 81],οἥ
539 4163 607 4254 ,are
638 4139 793 4251 deanfd?
845 4198 915 4246 “Am
930 4197 1076 4257 I...cleeping
1090 4212 1116 4243 or
1130 4194 1238 4254 making?
1253 4194 1310 4243 mod
1323 4210 1350 4243 or
1361 4194 1417 4242 well

224 4239 341 4317 Nempe
359 4260 449 4317 quem
465 4260 498 4297 ιιι
515 4240 621 4298 vidulo
639 4236 795 4296 conditum
903 4270 1028 4322 ΕάνΜ...

221 4334 326 4394 habeo.
367 4336 467 4394 Lusus
480 4336 590 4394 iterum
602 4335 635 4392 in
652 4333 796 4411 ambigua
1007 4344 1068 4392 cvm.
1083 4346 1111 4403 of
1124 4344 1179 4392 Err.
1209 4344 1315 4392 Aecll.
1336 4342 1417 4390 Seu.

846 4088 886 4146 Et
898 4086 1000 4165 paullo
1013 4094 1090 4162 post,
