3084 5017
658 402 708 464 Μ.
732 402 775 463 Α.
801 401 986 465 PLAUTI

328 601 402 686 Qui
423 599 493 672 nisi
511 598 642 683 adsint,
667 624 774 696 quom
792 600 958 683 nitentur,
984 622 1113 703 census
1127 596 1272 699 capiant
1293 593 1419 667 eloco?

328 725 499 801 Adfatim
533 736 587 799 est
615 724 814 811 hominum,
855 725 893 797 in
928 726 1003 799 dies
1038 700 1099 821 qui
1129 721 1289 819 singulas
1322 745 1419 794 escas

478 851 601 937 edunt,
1137 830 1174 837 “²
1358 852 1419 914 360

328 981 467 1065 Quibus
500 981 623 1077 negoti
654 978 746 1052 nihil
779 990 844 1063 est,
877 980 939 1075 qui
973 1004 1072 1051 esum
1100 1003 1216 1075 neque
1248 982 1419 1048 vocantur

478 1131 593 1202 neque
619 1118 765 1193 vocant3

327 1230 402 1304 Eos
427 1242 567 1328 oportet
592 1233 751 1305 concioni
777 1232 861 1305 dare
884 1258 1025 1329 operam
1051 1241 1158 1328 atque
1185 1210 1347 1302 comitiis.

328 1356 370 1429 Si
393 1356 431 1429 id
456 1358 508 1429 ita
528 1369 630 1442 esset,
654 1383 725 1430 non
744 1383 811 1455 ego
834 1355 940 1431 hodie
960 1356 1191 1453 perdidissem
1212 1352 1416 1451 prandium,

328 1479 430 1593 Qi.
445 1492 518 1580 tam
537 1481 640 1555 credo
656 1481 762 1555 deum
779 1481 940 1567 voluisse,
968 1507 1073 1578 quam
1091 1506 1148 1553 me
1166 1478 1270 1552 video
1287 1478 1415 1549 vivere.

229 1673 251 1705 v.
260 1658 313 1705 361.
331 1653 425 1711 Quum
455 1654 902 1718 ³62.Eos‚m0n0sy11.[s11pra330.]
934 1657 987 1704 363.
1002 1656 1036 1714 St,
1052 1671 1100 1703 non
1115 1654 1235 1714 liquescit.
1264 1654 1316 1700 364.
1331 1650 1417 1707 Deum,

704 1732 771 1779 Libri
788 1731 893 1788 Datum,¹
910 1731 939 1778 B.

266 1878 334 1941 359.
376 1872 488 1931 Census
501 1872 649 1951 capiant]
680 1872 796 1949 Magis·
847 1870 972 1929 structio
982 1880 1037 1939 est,
1053 1869 1195 1948 Singulas
1205 1868 1301 1926 minas
1314 1866 1343 1926 in
1355 1866 1416 1925 dies

227 1977 331 2035 tratus,
363 1965 496 2025 censibus
528 1967 632 2045 captis,
667 1988 717 2025 eos
744 1966 797 2044 qui
848 1968 1004 2048 singulos)

124 2060 129 2067 ’
227 2060 325 2120 vocati
339 2061 377 2118 ad
390 2061 563 2119 concionem
575 2080 637 2166 non
650 2060 796 2128 venerint,
887 2099 952 2158 361·
1003 2096 1109 2175 Negoti
1136 2095 1238 2175 nih-ln]
1280 2094 1415 2153 Ridicule

227 2152 364 2211 muuent'
384 2153 489 2210 Lm'
510 2153 796 2231 E¹ph⁰²tPAREU⁵'
848 2189 979 2260 dictum3
995 2209 1139 2267 magnum
1150 2188 1265 2247 scilicet
1275 2194 1357 2265 negot

229 2246 408 2324 Pigmibm
435 2246 601 2354 capianiur'
643 2250 679 2306 In
706 2270 797 2327 quem
847 2284 907 2342 fuit
935 2284 1033 2363 Ipsius
1063 2280 1209 2350 Peniculi,
1246 2281 1299 2359 qui
1324 2290 1415 2338 totam

227 2340 351 2398 adnotat
361 2341 479 2398 Gnmv:
494 2340 701 2418 ''Prgnoribus
716 2364 797 2402 coer-

280 2435 335 2492 .AE
371 2436 391 2492 b
775 2441 782 2455 ,
848 2402 969 2460 operam
989 2382 1022 2438 in
1042 2389 1109 2438 cute
1134 2376 1269 2436 curanda
1288 2376 1414 2433 insume-

229 2454 290 2493 cen
337 2455 370 2493 ce
393 2444 491 2503 πη
507 2456 545 2494 ex
560 2457 688 2513 (ΝΟΜ
702 2440 797 2530 d⁰.m¹'
847 2480 908 2548 bat,
930 2491 959 2539 et
978 2479 1011 2536 id
1032 2477 1128 2535 solum
1148 2475 1268 2533 assidue
1289 2476 1403 2551 agebat.

228 2527 286 2584 bus
294 2527 421 2604 pignora
429 2528 632 2605 capiebantur,
640 2542 799 2609 propterea
1085 2599 1090 2611 ἱ
1336 2598 1342 2609 .

230 2621 313 2698 quod
335 2640 395 2678 non
419 2624 641 2700 comparuerint
663 2635 716 2683 aut
738 2643 799 2681 non
888 2604 954 2664 363.
999 2600 1196 2661 Perdidissem
1227 2595 1412 2677 prandium]

225 2712 404 2791 juraverint,
443 2735 538 2792 eaque
575 2717 702 2794 pignora
738 2736 799 2773 non
849 2696 929 2754 Citat
937 2696 1063 2754 Casaub.
1074 2694 1106 2751 in
1116 2690 1270 2770 Theophr.
1283 2690 1412 2748 Charact.

228 2807 431 2869 reddebantur
450 2811 508 2869 nisi
525 2813 610 2888 prius
631 2812 726 2870 soluta
744 2832 798 2890 pe·
848 2791 940 2850 VIII·
959 2792 1062 2867 adfin·
1085 2788 1411 2869 Παρεδεῑπνήθησαν·

229 2904 350 2961 cuni²·“
388 2906 501 2983 Amph·
517 2905 596 2965 ΡΥῡῙ·
611 2906 658 2966 68·
886 2919 952 2981 364.
995 2920 1070 2986 Quoi
1080 2928 1140 2979 tam
1150 2921 1247 2992 credo,
1262 2922 1338 3000 etc]
1353 2921 1412 2979 Sto-

332 3015 347 3036 “
358 3013 448 3070 Pignus
463 3012 587 3071 capiantur
601 3014 690 3071 togae.'’
847 3017 1011 3076 machantis
1027 3028 1057 3075 et
1075 3038 1155 3094 aegre
1172 3018 1299 3077 ferentis
1318 3016 1414 3075 oratioe

271 3103 337 3162 360.
382 3105 422 3163 In
455 3105 518 3163 dies
550 3105 684 3181 singulas
716 3125 798 3163 escas
849 3107 940 3179 Quoi
955 3108 1051 3187 (mihi,
1066 3107 1207 3187 cui)tam
1222 3110 1330 3168 credo
1346 3109 1413 3183 (tam

230 3196 346 3274 edunt]
385 3198 427 3253 Η.
438 3217 462 3253 e.
502 3197 541 3253 In
569 3196 701 3271 singulos
727 3197 797 3265 dies,
849 3211 946 3257 certus
961 3202 1041 3277 sum)
1057 3199 1170 3258 Deum
1188 3201 1349 3259 voluisse
1364 3198 1413 3275 (id,

230 3291 365 3369 singulas·
391 3311 473 3348 escas
500 3290 608 3354 edunt,·
641 3291 718 3348 ‘Eat
742 3293 800 3350 but
848 3310 965 3369 nempe,
999 3303 1031 3351 ut
1055 3295 1217 3372 prandium
1242 3296 1414 3374 perderem)

231 3408 288 3446 one
311 3388 389 3445 meal
414 3408 432 3444 a
458 3386 535 3462 day?
575 3385 666 3442 Domi
691 3378 799 3463 nempe
850 3403 952 3458 quam
975 3387 1079 3446 video
1100 3408 1153 3447 me
1181 3390 1316 3449 vivere.
1356 3388 1417 3445 ‘To

231 3502 301 3542 cum
334 3481 424 3540 semel
460 3478 621 3557 prandium
657 3480 799 3555 ceperint,
850 3476 948 3536 whom
969 3502 1000 3539 as
1022 3502 1090 3541 sure
1108 3504 1140 3541 as
1159 3485 1175 3541 Ι
1195 3485 1257 3544 live
1275 3486 1328 3544 the
1348 3483 1417 3562 gods

230 3596 380 3653 nusquam
390 3575 469 3632 foras
479 3574 512 3630 in
522 3592 637 3629 coenam
647 3583 799 3631 vocantur.
852 3568 898 3643 (or
919 3573 994 3654 fate)
1018 3577 1163 3637 intended
1185 3580 1248 3639 this
1273 3581 1394 3639 disaster
1403 3580 1418 3634 ε’

232 3669 325 3739 Quod
345 3666 504 3744 magnifice
526 3663 660 3739 loquitur
683 3664 798 3722 Parasi·
852 3664 888 3739 (I
909 3689 953 3726 am
978 3672 1111 3748 satisfied
1121 3674 1250 3751 fortune
1278 3668 1373 3736 meant
1394 3684 1418 3733 to

232 3774 299 3835 tus3
320 3766 471 3831 nimirum,
495 3760 566 3817 Sese
586 3758 715 3837 aliquem
736 3780 799 3817 cre·
848 3759 919 3840 play
937 3786 979 3822 me
998 3767 1056 3825 this
1073 3770 1172 3851 triclc.)
1202 3774 1275 3833 Ter.
1290 3775 1370 3833 Eun.
1385 3772 1417 3829 V.

233 3860 307 3916 dens
340 3860 422 3937 quod
453 3860 518 3937 ipse
551 3856 639 3913 toties
670 3856 801 3933 injussus
852 3874 885 3911 11·
906 3857 951 3916 36.
992 3863 1108 3935 “Quid
1135 3868 1160 3924 si
1187 3868 1246 3927 hoc
1274 3868 1418 3947 quispiam

233 3952 341 4028 hospes
364 3955 466 4012 alienae
489 3971 600 4010 mensae
625 3954 802 4009 accumbere
852 3949 939 4007 voluit
972 3955 1084 4015 deus?”
1123 3964 1281 4041 Equidem
1315 3963 1418 4025 Bothei

236 4043 349 4101 soleret.
378 4045 519 4123 Singulas
532 4052 803 4101 autemcumescas
853 4044 1061 4121 conjecturam,
1098 4056 1210 4131 (Deum
1241 4082 1298 4139 pro
1326 4062 1417 4120 datum

235 4143 316 4193 arcte
329 4138 549 4213 accipiendum:
573 4136 625 4209 (In
640 4136 730 4212 Epid.
745 4145 782 4195 52
792 4159 801 4205 3
852 4144 1045 4222 inponentis)
1066 4148 1123 4210 hoc
1144 4175 1206 4213 uno
1224 4178 1314 4217 sensu
1334 4175 1417 4233 expe·

236 4236 257 4264 “
266 4225 304 4282 In
318 4225 380 4282 dies
390 4228 545 4301 minasque
556 4226 714 4299 singulas,”
724 4226 802 4284 Gon·
854 4228 991 4293 diendam
1004 4258 1117 4302 censeo.

1358 2185 1414 2243 ium
