3084 5017
261 398 306 460 88
684 393 731 456 Μ.
758 393 800 454 A.
826 391 1010 456 PLAUTI

264 593 349 666 ΜΕ.
364 591 466 677 Quin
480 602 522 664 tu
536 601 571 666 te
586 591 798 689 suspendis?

709 719 773 792 sr.
792 719 936 816 Ecquid
948 721 1084 794 sentis?

977 844 1092 918 ΜΕΕ.
1111 843 1250 930 Quidni
1261 844 1418 916 sentiam?

362 969 447 1045 Non
472 983 589 1070 potest
612 969 686 1043 haec
710 996 764 1058 res
791 971 935 1044 ellebori
955 976 1081 1069 jugere
1106 970 1306 1044 obtinerier.
1334 1006 1338 1017 ·
1374 984 1418 1035 812

363 1097 434 1172 Sed
446 1099 533 1196 quid
546 1100 607 1183 ais,
623 1095 876 1172 Menaechme?

559 1235 586 1244 ”
659 1224 740 1295 ΜΕ.
759 1221 957 1308 Quidvis?

766 1347 882 1420 ΜΕΕ.
901 1347 1077 1421 Diemihi
1089 1346 1165 1433 boc,
1179 1349 1273 1444 quod
1285 1359 1417 1440 toroge:

362 1475 502 1547 Album
517 1500 560 1548 an
575 1485 689 1546 atrum
704 1475 827 1546 vinum
838 1477 967 1572 potas?

767 1601 853 1677 ΜΕ.
872 1600 974 1687 Quin
988 1613 1030 1674 tu
1041 1602 1121 1674 isin
1132 1601 1263 1674 malam
1276 1598 1416 1672 crucem?

263 1729 331 1802 Su.
360 1726 445 1800 Jam
457 1725 574 1801 hercle
585 1735 743 1821 occeptat
756 1727 910 1800 insanire
920 1724 1125 1824 primulum.

945 1851 1030 1923 ΜΕ.
1049 1848 1151 1936 Quin
1165 1877 1222 1923 me
1235 1851 1419 1945 interrogas,

262 2066 286 2097 v.
299 2049 351 2096 815.
371 2047 509 2106 Primulum,
531 2047 607 2096 medis
624 2047 709 2096 extrita
725 2049 826 2107 syllaba,
847 2048 1009 2108 (Prim’lum‚)
1028 2047 1196 2108 pronuntiand.
1211 2047 1248 2094 B:
1278 2047 1379 2101 Quium
1394 2055 1420 2086 ue

294 2129 419 2183 intmogcs
427 2143 435 2181 ,·
452 2125 498 2173 Sed
513 2127 543 2172 ab
558 2125 609 2172 aliis
624 2125 700 2174 Libris
715 2142 757 2181 me,
772 2127 802 2175 ab
817 2125 870 2174 aliis
884 2135 911 2172 tu
925 2125 1004 2184 ebest3
1020 2124 1063 2172 bos
1077 2124 1109 2171 ob
1123 2132 1223 2172 metrum
1237 2130 1329 2170 secutus
1341 2135 1394 2168 snm.

303 2287 369 2339 811.
408 2278 522 2358 Ecquid
531 2280 618 2338 sentis
628 2281 664 2360 θ]
678 2281 755 2340 Cum
766 2301 828 2360 prae
880 2279 938 2339 Sed
959 2280 1097 2338 subtilius
1118 2279 1219 2336 Nostri
1238 2278 1294 2337 hoc
1311 2277 1370 2335 loco
1384 2275 1420 2331 in-

262 2374 328 2432 aliis
336 2373 479 2431 irritabile
487 2382 517 2432 et
527 2373 723 2452 suspiciosum
734 2395 829 2452 genus
878 2375 1010 2452 genium,
1025 2375 1050 2432 si
1059 2373 1147 2431 modo
1155 2375 1315 2431 verborum
1322 2387 1422 2429 semum

264 2468 303 2526 sit
311 2468 417 2526 mentis
425 2469 742 2539 morbolaborantium‚
751 2471 828 2528 veri-
878 2489 933 2553 acn
959 2469 1053 2546 tetigi.
1108 2468 1195 2526 Habe
1221 2468 1247 2525 si
1273 2466 1317 2524 vis
1341 2460 1422 2521 Taciti

264 2565 359 2622 simile
367 2575 421 2634 est,
435 2565 492 2624 boc
503 2577 654 2625 caventem
665 2566 827 2636 Medicum,
878 2568 977 2626 locum
990 2566 1183 2633 consimilem,
1202 2565 1311 2624 Annul.
1323 2564 1372 2621 Vl.
1385 2568 1422 2621 50.

266 2660 351 2740 (cum
363 2661 395 2719 in
409 2681 437 2718 v.
449 2668 515 2731 809,
532 2659 615 2720 ‘Cur
627 2670 746 2741 opertas
760 2661 828 2719 bra·
880 2663 989 2720 “Eum
1003 2659 1188 2741 (Tiberium)
1202 2660 1422 2738 adpropinquare

264 2757 389 2816 chium?
404 2755 551 2838 dixisset)
564 2759 619 2817 sub
630 2758 727 2836 specie
739 2759 829 2816 vestis
879 2761 1034 2839 supremis,
1061 2759 1112 2818 tali
1135 2758 1224 2816 modo
1247 2765 1423 2835 compertum·

264 2851 486 2931 componendae,
499 2871 621 2930 carpum
630 2851 827 2911 hominisfur-
879 2855 951 2912 Erat
959 2852 1313 2929 medicusarteinsignis,
1321 2849 1424 2911 nomine

264 2949 318 3006 tim
336 2948 515 3016 tractavisse,
537 2947 562 3004 si
581 2947 658 3004 forte
675 2947 829 3026 percipere
878 2949 1155 3020 Charicle83....1s,
1176 2949 1260 3008 velut
1271 2948 1384 3026 propria
1394 2943 1425 3002 ad

264 3055 364 3124 posset
383 3055 462 3104 recte
479 3065 572 3104 necne
591 3065 675 3103 venor
691 3045 826 3104 salirent:
878 3046 997 3122 negotia
1014 3043 1193 3121 digrediens,
1211 3052 1238 3100 ct
1250 3064 1306 3123 per
1321 3039 1426 3120 specior
1473 3045 1480 3064 ⁴

266 3140 356 3198 Illum
379 3150 478 3198 autem
502 3140 705 3198 Menaechmus
726 3143 763 3199 ab
788 3161 828 3210 se,
877 3140 971 3218 efficii,
996 3160 1109 3198 manum
1129 3137 1298 3217 complexus,
1321 3137 1426 3217 pulsum

265 3245 295 3293 et
304 3234 373 3292 satis
381 3233 571 3302 stomachose,
581 3233 715 3312 repellit:
732 3234 830 3294 Senex
878 3219 1020 3295 venarum
1046 3235 1168 3312 adtigit:
1202 3254 1301 3312 neque
1326 3230 1426 3292 fefellit

265 3340 376 3401 contra,
416 3331 521 3408 (quem
550 3330 632 3389 baud
663 3331 750 3390 latuit
782 3352 829 3392 ars
879 3318 960 3390 Nam
973 3331 1120 3402 Tiberius,
1137 3332 1284 3389 incertum
1298 3352 1335 3390 an
1348 3329 1426 3388 offen-

268 3427 404 3505 Medici‚)
423 3427 595 3503 interrogat,
617 3426 749 3504 ‘Ecquid
764 3447 828 3486 sen·
879 3447 928 3484 sus
929 3469 1051 3496 ........
1058 3424 1206 3484 Charicles
1238 3434 1346 3495 autem,
1377 3421 1427 3480 labi

265 3523 338 3583 Μεθ’
372 3521 480 3601 ecquid
506 3520 544 3579 de
570 3521 660 3598 pulsu
687 3541 829 3580 venarum
878 3523 1025 3602 spiritum,
1045 3542 1100 3602 uec
1117 3521 1196 3580 ultra
1207 3521 1335 3580 biduum
1351 3521 1427 3578 dura·

266 3619 391 3697 colligis,
419 3637 479 3696 quo
499 3617 638 3675 morbum
660 3618 754 3696 possis
778 3618 829 3677 de·
876 3629 988 3687 turum,
1010 3616 1163 3674 firmavit.''

265 3713 430 3793 prendere?
455 3711 513 3770 Cui
532 3710 677 3780 Medicus,
700 3709 830 3775 ‘Quidni

267 3805 422 3866 seutiam?
436 3816 490 3864 etc.
526 3803 635 3875 Palam,
649 3817 680 3864 et
693 3806 755 3864 sine
768 3805 830 3864 ulla
917 3774 982 3826 812·
1013 3763 1344 3847 ΕΙΙώοήῘαὲεΝ’θω·]
1363 3767 1427 3824 H'e'

252 3905 372 3963 naum
386 3903 527 3975 ausura,
548 3903 629 3963 uem
646 3903 718 3962 facit
732 3902 829 3962 uen.
880 3863 976 3971 ,Tm
1008 3864 1092 3942 ⁰⁰P³²
1117 3864 1238 3922 ⁰¹¹⁰b⁰ri
1268 3875 1375 3943 ‘luam
1402 3863 1428 3918 ³¹¹

876 3977 982 4035 jugere
996 3958 1092 4017 obseri
1105 3967 1211 4036 potest.
1243 3959 1345 4017 Gnou.
1359 3957 1428 4015 Lect-

880 4050 979 4109 Plaut.
1030 4051 1122 4109 ‘This
1148 4051 1310 4129 complaint
1335 4057 1428 4111 cannot

878 4146 915 4204 be
935 4156 989 4223 got
1007 4146 1102 4204 under
1119 4148 1160 4225 by
1179 4167 1196 4204 a
1212 4147 1309 4205 whole
1326 4165 1388 4205 acre
1403 4140 1431 4198 of

430 4259 490 4306 Com.
505 4263 531 4318 of
544 4259 599 4306 Err.
624 4260 727 4308 Aetlv.
744 4259 830 4307 Sc.1v.
878 4243 1043 4302 hellebore·'
1077 4243 1159 4302 Infra
1177 4251 1241 4303 844·
1283 4245 1427 4302 ElleboruS

267 4019 320 4058 cus
333 3999 414 4078 apud
428 4000 562 4058 Sunusr.
612 4053 614 4058 ,

266 4107 283 4126 “
296 4103 355 4152 Give
365 4121 402 4154 me
415 4122 474 4162 your
484 4106 555 4164 haud,
571 4109 617 4154 and
627 4107 660 4155 let
669 4123 706 4155 me
716 4105 761 4154 lael
771 4121 830 4164 your

326 4181 420 4238 pulsae·
