3084 5017
217 965 221 968 .
311 995 314 998 ¹
395 965 398 974 ,
459 899 566 968 Ace.
596 897 631 959 v.
685 893 841 964 scens
867 891 926 956 1v.

596 1111 785 1162 Mussuulo.

204 1284 415 1384 spectamen
441 1284 532 1356 bono
553 1305 652 1356 servo
676 1276 715 1351 id
739 1288 805 1364 est,
829 1279 893 1374 qui
917 1299 993 1354 rem
1017 1275 1167 1355 herilem
1231 1287 1288 1348 860

202 1410 390 1494 Procurat,
417 1406 526 1490 videt,
552 1406 721 1488 conlocat,
746 1402 962 1499 cogitatque,

204 1535 265 1611 Ut
291 1536 436 1610 absente
460 1530 546 1608 hero
570 1529 764 1626 diligenter
789 1537 940 1614 tutetur,

207 1660 330 1747 Quem
356 1660 385 1732 si
409 1633 484 1756 ipse
509 1656 613 1740 adsit,
639 1666 702 1729 ant
727 1655 867 1728 rectius.

207 1783 367 1882 Tergum
393 1806 498 1878 quam
522 1781 657 1878 gulam,
683 1800 788 1877 quem
815 1788 975 1857 ventrem
1000 1803 1102 1854 crure
1126 1791 1264 1879 oportet

208 1910 357 1986 Potiora
381 1935 466 1995 esse,
493 1909 576 2007 quoi
600 1932 657 1984 cor
681 1906 882 1982 modestum
909 1916 973 1981 est.
1237 1915 1294 1976 865

208 2031 435 2107 Recordetur
459 2032 508 2118 id,
535 2033 597 2128 qui
617 2030 724 2104 nihili
751 2042 846 2117 sunt,
872 2030 961 2128 quid
985 2032 1030 2110 iis
1053 2033 1148 2133 preti

210 2160 331 2233 Detur
353 2161 397 2232 ab
420 2161 493 2232 suis
514 2157 621 2242 beris,
647 2157 796 2256 ignavis,
822 2158 979 2254 inprobis
1002 2158 1106 2231 viris:

167 2365 208 2398 vv.
224 2348 351 2396 860-862.
367 2347 458 2398 Bacch.
469 2348 534 2398 Tetr.
546 2348 655 2408 (videsis
663 2349 749 2396 detote
758 2348 803 2400 bec
813 2363 893 2404 scens,
905 2348 988 2399 Herm.
999 2348 1038 2398 De
1047 2348 1133 2399 Mettis
1142 2349 1299 2410 mulnet.)

110 2423 163 2470 863.
178 2422 271 2472 Cretic.
280 2421 354 2470 Trim.
364 2422 399 2478 Si,
410 2438 458 2470 non
467 2422 523 2470 elid.
546 2423 600 2471 864.
615 2421 706 2470 Bacch.
715 2421 780 2470 Tetr.
804 2421 857 2469 865.
868 2421 961 2470 Bacch.
975 2421 1050 2469 Trim.
1075 2421 1202 2473 866-883.
1216 2423 1255 2472 De
1265 2422 1301 2471 his

112 2497 217 2546 versibus
227 2496 382 2545 incertissima
391 2505 447 2545 sunt
455 2497 548 2558 omuie3
564 2513 608 2548 nec
617 2498 720 2546 multum
730 2505 871 2556 promovent
880 2496 920 2558 qui
930 2498 1001 2545 verba
1013 2497 1060 2545 buc
1070 2497 1130 2546 illue
1140 2506 1303 2558 nensponunt,

111 2589 158 2632 quo
174 2581 252 2622 metra
267 2571 359 2620 facilius
375 2572 466 2620 adsue
477 2572 558 2620 nescio
571 2589 625 2632 quse
641 2580 767 2631 systemate
783 2573 899 2632 quadrare
915 2572 1016 2631 possint.
1045 2572 1163 2633 Equidem
1177 2589 1257 2622 versus
1272 2575 1302 2622 nd

113 2647 198 2699 Botbei
214 2647 343 2698 editionem
357 2645 461 2705 exhibui,
478 2661 533 2694 curn
550 2647 640 2697 interea
655 2661 732 2706 neque
748 2646 807 2705 ejus,
827 2662 904 2706 neque
920 2647 1060 2706 Hermoni,
1080 2647 1208 2697 nliornmve
1227 2649 1303 2697 distm-

113 2720 236 2770 butionem
249 2719 346 2768 omnino
360 2719 471 2779 probem:
488 2733 566 2779 usque
576 2727 655 2772 tomen
669 2719 719 2779 ipse
728 2719 828 2770 habeam
840 2736 902 2780 que,
917 2729 944 2769 ut
953 2720 1061 2779 rectiora,
1076 2721 1152 2770 susim
1166 2738 1306 2782 proponere.

114 2795 181 2844 Adeo
200 2794 298 2844 acutius
314 2793 439 2854 quisquam
458 2791 493 2840 his
512 2793 572 2842 loeis
590 2793 708 2854 impeditis
727 2794 752 2841 in
772 2809 819 2853 quo
837 2794 977 2851 offendetur,
998 2809 1070 2854 quem
1089 2796 1153 2854 qnod
1168 2811 1252 2844 senum
1267 2795 1305 2853 sit,

113 2869 243 2930 reperierit.

153 3006 223 3066 860.
269 3007 462 3087 spectamen]
507 3007 687 3087 spectamen
778 3009 844 3070 861.
876 3007 1022 3079 Conlocat,
1031 3005 1221 3088 cogitatque]
1240 3008 1274 3066 M
1292 3041 1306 3054 ·

115 3103 181 3163 doni
194 3103 277 3163 servi
293 3104 350 3164 hoc
363 3113 409 3165 est
416 3127 426 3176 ;
448 3125 501 3165 seu
516 3108 614 3166 bonus
627 3127 688 3166 ser·
738 3127 839 3186 neges,
854 3107 913 3167 sud
926 3106 980 3165 hss
992 3115 1023 3165 st
1035 3105 1138 3165 beart?

115 3219 171 3257 vus
198 3200 240 3258 ab
268 3197 324 3258 hae
349 3219 382 3258 re
408 3201 561 3277 probatur.
602 3200 690 3259 Conf.

115 3292 187 3353 Aul.
208 3299 281 3361 539.
780 3283 846 3345 862.
880 3283 1076 3364 Diligenter]
1094 3282 1227 3342 Subsud.
1241 3290 1309 3342 mm.

116 3405 132 3426 ‘⁴
144 3403 200 3451 Hoc
211 3409 253 3452 est
264 3401 325 3450 servi
334 3399 395 3462 frugi
404 3400 492 3456 faeere,
507 3402 570 3461 quod
582 3416 626 3461 ego
635 3417 689 3462 per·
740 3378 819 3437 Vide
833 3379 930 3456 Supra
943 3375 1010 3437 628·

147 3493 296 3604 Niiqiiidrie
309 3553 470 3612 molestieque
484 3551 606 3614 imperium
619 3550 692 3602 herile
725 3538 728 3541 ’
777 3535 847 3618 364„
885 3556 1019 3636 Tergeste,
1034 3555 1110 3633 ete]
1136 3555 1187 3614 Ne
1199 3562 1309 3632 tergum

175 3631 270 3679 habeat
283 3627 351 3676 nhil·
368 3627 399 3674 Et
413 3643 465 3686 sqq.
541 3656 545 3664 '
745 3653 838 3730 virgis
852 3652 992 3720 caedatur,
1014 3671 1102 3710 crura
1117 3649 1311 3728 compedibus

119 3724 213 3784 Stich·
229 3721 281 3781 45·
745 3750 922 3808 vincientur.
963 3749 1066 3806 Lens.

118 3831 199 3890 “Qui
219 3835 306 3884 menet
321 3835 349 3878 ut
368 3835 491 3876 moneatur
510 3841 602 3884 semper
618 3840 695 3873 servos

178 3907 256 3956 ¹¹⁰¹¹¹⁰
272 3903 376 3984 ⁰ffi⁰i¹¹4¹
390 3917 467 3958 suom,
555 3953 583 3983 .;
786 3919 851 3979 soe
888 3916 1147 3995 detruncarem]
1167 3917 1313 3975 mammo

149 3983 205 4032 Nec
220 3980 349 4029 voluntate
362 3977 387 4026 rd
400 3975 476 4026 fecere
492 3983 603 4033 meminit,
618 3989 696 4024 servos

178 4057 198 4106 i„
214 4053 304 4104 habitu
318 4051 383 4099 haud
397 4049 523 4110 probust.”
746 4014 855 4072 habeat
875 4011 948 4089 qnid
968 4011 1067 4089 pretii,
1089 4031 1141 4068 seu
1160 4011 1314 4080 mercedis,

122 4151 191 4207 Ter,
207 4145 272 4204 Ad,
289 4143 326 4200 v·
342 4159 383 4200 w.
399 4147 426 4198 5,
748 4131 765 4168 e
779 4109 839 4167 suis
857 4105 937 4166 heris
955 4105 1141 4184 persolvetur
1158 4105 1195 4165 iis
1212 4106 1314 4177 servis,

120 4265 135 4286 ‘¹
149 4263 174 4310 Is
184 4257 247 4308 mibi
258 4253 368 4314 protecto
378 4258 497 4300 estservos
507 4255 626 4307 spectatus
636 4248 699 4306 setis,
749 4227 798 4286 ‘im
826 4202 909 4311 nubsit
935 4211 1027 4313 ‘ninii‘
1052 4202 1116 4260 h'e'
1140 4222 1238 4313 ‚serm
1264 4224 1315 4262 Μ’

152 4335 200 4385 Cui
211 4331 329 4384 dominus
340 4341 404 4376 curer
415 4324 588 4374 est.''......Ete.
751 4322 850 4382 quam,
872 4321 996 4377 lgnawsr
1019 4301 1171 4378 improbis.
1214 4301 1315 4360 LAMB.
