3084 5017
588 449 914 515 MENAECHMEI.
1301 456 1345 521 89

258 649 485 756 Purpureum
504 673 644 748 panem,
672 675 717 724 an
739 654 932 748 puniceum
951 651 1080 724 soleam
1101 675 1166 747 ego
1188 675 1272 735 esse,
1298 643 1343 722 on

407 776 573 851 luteum?
1288 785 1345 844 816

257 902 445 978 Soleomne
458 927 533 980 esee
546 907 620 979 ovis
634 929 847 1003 squamosas,
861 907 968 1003 piscis
978 907 1178 1002 pennatos?

1144 1028 1209 1102 SE.
1225 1029 1344 1126 Papae,

258 1151 399 1226 Audin’
416 1165 469 1240 tu,
486 1167 530 1229 ut
547 1154 781 1231 deliramenta
797 1157 984 1253 loquitur?
1011 1153 1115 1242 Quid
1131 1177 1244 1228 cessas
1260 1155 1344 1228 dare

257 1276 422 1352 Potionis
448 1281 596 1378 aliquid,
620 1284 825 1379 priusquam
851 1282 1003 1380 percipit
1027 1281 1194 1355 insania?
1287 1296 1344 1358 819

153 1399 276 1474 Mul).
289 1399 403 1479 Mane
415 1405 540 1480 modo:
558 1409 667 1482 etiam
682 1407 912 1506 peroontabor
925 1407 1008 1479 alia.

973 1531 1040 1606 SE.
1056 1525 1201 1636 Qeeidis
1212 1528 1344 1602 fabula.

152 1653 277 1727 Mun.
291 1653 367 1730 Dio
390 1658 481 1732 mihi
500 1659 586 1734 hoc:
614 1661 729 1735 solent
750 1661 818 1734 tibi
839 1681 996 1756 unquam
1018 1657 1112 1730 oonli
1133 1657 1214 1730 duri
1238 1654 1344 1727 lieri?

153 1778 245 1852 ΜΕ.
260 1780 384 1865 Quid?
402 1792 445 1856 tu
459 1808 517 1858 me
533 1783 705 1859 locustam
721 1810 841 1859 censes
853 1808 939 1868 esse,
956 1781 1062 1855 homo
1075 1779 1342 1878 ignavissume?

152 1905 278 1979 MED.
291 1906 367 1982 Dio
392 1908 495 1997 mihi,
523 1935 568 1984 en
592 1937 750 2009 unquam
774 1911 948 1984 intestina
974 1908 1042 1982 tibi
1066 1917 1222 2005 erepant,
1250 1902 1346 2001 quod

406 2037 546 2110 sentias.
1191 2020 1198 2032 ⁸

153 2155 243 2228 ΜΕ.
258 2156 338 2231 Ubi
364 2169 462 2232 satur
485 2185 575 2245 sum,
599 2160 700 2234 nulla
723 2159 921 2256 mepitunt3
948 2153 1090 2254 quando
1112 2153 1238 2238 esurio,
1265 2163 1344 2224 tum

407 2296 564 2382 crepant.

167 2513 192 2544 v.
208 2497 263 2544 819.
284 2498 434 2560 Priusquam,
455 2500 546 2560 dissyll.
568 2501 658 2564 [Supra
672 2501 737 2562 rm]
777 2500 891 2560 Percipit,
910 2499 956 2547 ult.
971 2497 1028 2556 syll.
1045 2497 1076 2545 ob
1095 2495 1168 2543 ictum
1186 2493 1333 2554 producitur.

331 2574 384 2622 tw.
400 2573 478 2634 Mane,
501 2575 544 2625 ult.
564 2576 652 2636 corrip.
671 2577 763 2639 [Supra
777 2574 830 2636 99.]
846 2575 899 2623 ⁸21.
918 2571 1035 2634 Unquam,
1051 2586 1098 2619 non
1112 2570 1170 2619 elid.

149 2771 251 2820 atram
270 2763 363 2822 bilem
381 2775 503 2844 purgat,
527 2784 564 2824 ex
584 2783 644 2843 qna
662 2763 726 2843 ple·
816 2769 883 2822 880.
926 2757 1041 2818 Occidis
1050 2756 1191 2835 fabulo]
1225 2753 1347 2812 ‘You'll

150 2878 286 2937 rumque
309 2860 425 2920 insanin
442 2862 583 2921 noscitur.
622 2861 726 2919 brun.
776 2859 815 2916 be
831 2856 884 2915 the
903 2855 992 2914 death
1010 2854 1046 2911 of
1059 2852 1121 2909 him
1139 2849 1213 2908 with
1230 2849 1270 2906 all
1286 2848 1346 2907 thie

152 2953 219 3028 Qui
241 2955 313 3014 citet
333 2953 409 3014 Hor.
425 2957 484 3016 Sat
499 2957 542 3015 11.
558 2976 609 3015 111.
623 2963 670 3016 88.
776 2953 912 3029 talking!
936 2949 1020 3022 Quin
1030 2949 1110 3008 dieto
1117 2945 1237 3005 facessis
1247 2944 1345 3013 docte,

151 3095 167 3115 “
180 3091 273 3139 Danda
288 3100 323 3140 est
341 3091 439 3141 ellebori
457 3094 533 3142 multo
552 3109 606 3154 pern
624 3093 727 3142 maxima
777 3053 881 3132 etjam
896 3049 1016 3110 landem
1029 3046 1143 3106 hmini
1155 3045 1277 3154 P⁰ll⁰ne
1291 3043 1345 3102 ali*

215 3166 308 3226 avaris3
777 3169 837 3226 qua
849 3145 990 3206 medicari
1003 3144 1124 3222 pergis?
1159 3141 1223 3198 Ahr
1238 3139 1346 3218 legunt

183 3244 276 3293 Nescio
292 3244 475 3304 anAntieyram
491 3247 550 3294 ratio
564 3244 612 3293 illie
626 3244 727 3292 destinet
765 3241 922 3321 fabulam,
956 3239 1036 3298 Vide
1051 3237 1149 3296 61083,

213 3320 336 3368 omnem.''

815 3374 880 3426 881.
915 3363 999 3424 Oculi
1012 3362 1109 3443 duri]
1131 3363 1254 3430 Eorum,
1269 3380 1345 3437 quos
1370 3328 1372 3332 V

155 3430 311 3489 Nimirum
322 3441 357 3490 ut
367 3431 419 3510 qui
430 3432 558 3491 maxime
568 3432 724 3492 insaniant.
775 3474 839 3522 am
858 3462 928 3521 ΜΗ,
955 3472 1050 3531 vem,
1078 3479 1204 3538 corpora
1229 3467 1345 3517 constat

154 3527 247 3586 Adde
262 3527 339 3586 ΗΟΓ·
354 3527 411 3606 ΕΡ·
426 3527 469 3585 H·
485 3547 518 3586 ¹¹·
534 3527 598 3588 ¹36·
777 3559 839 3618 fieri
852 3558 1036 3617 extrinsecus
1047 3556 1176 3624 duriora,
1190 3564 1256 3612 tum
1265 3550 1345 3611 oculi

183 3666 200 3687 “
213 3662 377 3723 cognatorum
392 3663 478 3724 opibus
492 3664 602 3724 cortrone
617 3664 726 3722 refectus,
775 3655 914 3724 maxime,
948 3653 1020 3732 quia
1051 3653 1186 3711 omnium
1211 3648 1345 3726 corporis

186 3739 290 3798 Expulit
300 3740 406 3788 elleboro
420 3740 528 3788 morbum
542 3740 661 3800 bilemque
676 3755 726 3788 me·
775 3751 908 3831 partium
920 3748 1128 3807 infirmissimae
1142 3755 1220 3804 sunt,
1239 3745 1344 3802 Lffln.

228 3829 294 3871 raco,

187 3887 220 3934 Et
234 3885 296 3935 redit
309 3887 340 3935 ad
355 3885 431 3935 seee.'’
817 3885 881 3937 822.
912 3875 1096 3954 Lemniam]
1124 3873 1183 3930 Hae
1193 3870 1345 3950 palpebris

155 3994 228 4052 Alia
241 3991 379 4072 exempla
391 3993 423 4052 in
437 3989 534 4052 Glous.
548 3993 669 4053 contuli.
777 3966 1346 4048 welepefhlbfflm2id⁰lw⁰qu⁰⁰⁰u·

196 4111 264 4172 817,
317 4103 391 4162 Avi,
423 4123 600 4182 mammas,
635 4103 727 4183 piscis
777 4066 814 4124 lis
828 4061 992 4123 durissimis
1005 4082 1077 4121 esse.
1112 4059 1189 4118 Vide
1203 4057 1319 4141 Glosng

153 4200 327 4280 pennatum]
381 4200 505 4260 Dictum
539 4219 595 4277 pro
622 4200 727 4277 quavis
817 4201 883 4253 823.
906 4178 1346 4270 Crepanl.]Murmurant‚xop-

155 4317 188 4356 re
209 4298 340 4357 absurda
360 4307 390 4355 et
409 4305 597 4374 praepostera.
778 4295 946 4371 κορυγοῦσιν.
976 4287 1129 4365 Αῐὶιιορὴ.
1143 4286 1248 4347 Nubb.
1264 4295 1330 4355 387.

1040 4410 1072 4459 Μ
