3084 5017
573 472 901 538 MENAECHMEI.

241 674 349 747 lllum
375 674 523 771 reliquit
548 674 702 748 alterum
725 674 821 772 apud
843 687 993 751 matrem
1021 676 1130 749 domi.

240 799 390 874 Tarenti
415 798 507 874 forte
530 799 609 873 ludi
634 811 746 886 crant,
774 825 879 897 quom
906 802 993 875 illue
1017 802 1139 889 venit;

241 921 415 997 Mortales
439 922 557 1009 multi,
583 936 627 995 ut
651 922 698 998 ad
722 923 837 1010 ludos,
863 938 1120 1001 convenerant:

239 1045 337 1123 Puer
359 1048 535 1122 aberravit
559 1049 654 1122 inter
677 1046 839 1122 homines
864 1075 885 1123 a
910 1062 1021 1146 patre.

238 1170 531 1270 Epidamniensis
556 1175 702 1272 quidam
727 1175 779 1248 ibi
804 1188 976 1250 mercator
1001 1176 1095 1263 fuit3

239 1298 278 1371 Is
300 1324 450 1396 puerum
476 1300 574 1374 tollit
596 1298 787 1398 avehitque
813 1301 1085 1399 Epidamnium.

238 1420 351 1497 Pater
375 1427 452 1520 ejus
477 1436 609 1509 autem,
633 1436 822 1522 postquam
848 1449 997 1524 puerum
1023 1426 1193 1523 perdidit,

178 1641 180 1644 Ι
238 1546 420 1622 Animum
446 1549 656 1648 despondit;
684 1576 795 1648 eaque
819 1552 851 1625 is
876 1551 1093 1648 aegritudine

238 1650 370 1745 Paucis
396 1673 520 1748 diebus
544 1684 626 1772 post
649 1672 801 1748 Tarenti
827 1684 1033 1749 emortuost.

238 1796 432 1897 Postquam
459 1800 648 1898 Syracusas
674 1800 719 1873 dc
744 1826 787 1874 ea
810 1825 849 1874 re
873 1802 1023 1873 nuntius

238 1920 356 1997 Redit
380 1925 428 1999 ad
450 1949 562 2010 avom,
588 1949 778 2021 puerorum
804 1925 1011 2020 subreptum
1035 1921 1199 2006 alterum,

237 2047 456 2151 Patremque
480 2053 583 2150 pueri
608 2076 683 2126 esse
706 2050 858 2127 Tarenti
884 2063 1093 2136 emortuom,

237 2172 404 2250 Inmutat
428 2202 557 2251 nomen
581 2175 667 2251 huic
691 2203 773 2252 avos
797 2178 942 2277 gemino
964 2175 1091 2262 alteri3

240 2298 301 2373 Ita
322 2300 426 2375 illum
450 2301 590 2387 dilexit,
617 2303 678 2400 qui
704 2303 923 2399 subreptust,
949 2300 1124 2374 alterum:

239 2420 346 2499 Illius
371 2452 500 2501 nomen
526 2426 623 2502 indit
647 2427 713 2514 illi,
740 2429 801 2525 qui
825 2426 922 2501 domi
946 2436 1010 2511 est,

240 2548 467 2627 Menaechmo
491 2556 590 2640 item,
617 2553 710 2652 quod
734 2553 839 2628 alteri
863 2578 991 2627 nornen
1017 2549 1100 2636 fuit,

239 2675 294 2748 Et
319 2678 415 2777 ipsus
442 2680 563 2753 eodem
590 2692 644 2754 est
670 2704 751 2752 avos
777 2690 920 2752 vocatus
944 2676 1098 2751 nomine.

239 2799 435 2901 Propterea
459 2805 558 2879 illius
582 2831 711 2880 nomen
737 2807 886 2879 memini
909 2804 1060 2889 facilius,

240 2924 339 3013 Quia
363 2929 468 3004 illum
494 2930 645 3005 clamore
671 2930 745 3005 vidi
770 2930 976 3029 flagitarier‚

197 3153 220 3184 v.
237 3136 274 3183 33.
303 3135 480 3197 Addat-conj.
511 3137 541 3186 ln
558 3138 756 3201 Fpmcmaumqae
775 3139 859 3185 coetis.
892 3138 953 3199 [Sed
973 3136 1031 3183 nihil
1046 3133 1194 3182 mutandum.
1225 3131 1288 3181 Vide
1307 3130 1332 3178 in

141 3209 233 3270 Gloss]
271 3210 310 3257 39.
326 3209 415 3258 Pacrid
430 3226 482 3259 erse.
518 3212 632 3261 Ordinem
645 3214 768 3261 verborum
782 3211 925 3271 transposui,
946 3226 975 3259 ne
992 3226 1047 3258 cum
1061 3210 1091 3256 B.
1107 3222 1201 3257 versum
1213 3222 1256 3267 pro
1272 3222 1330 3266 sup·

140 3284 241 3347 posititio
256 3286 348 3334 uncinis
362 3286 516 3336 includerem.
545 3290 584 3337 44.
600 3289 665 3345 Aoo’,
681 3289 750 3339 litera
763 3307 774 3339 r
788 3289 854 3339 elisa.
883 3289 921 3337 46.
936 3288 1017 3345 Illam,
1032 3286 1095 3346 prior
1109 3282 1164 3343 syll.
1177 3282 1262 3343 corrip.

177 3464 226 3516 28.
267 3455 426 3535 Alteram]
463 3457 626 3529 Sosiclem
647 3460 709 3532 Qui
759 3459 831 3517 erit:
866 3458 898 3516 ‘I
922 3479 983 3517 saw
1006 3457 1069 3514 him
1097 3453 1204 3514 cried:'
1234 3450 1330 3531 (Nam

139 3560 243 3627 postea
255 3550 463 3609 Menaechmus
474 3551 599 3611 Sosicles
606 3553 709 3631 appel·
763 3550 831 3609 Vidi
843 3552 882 3610 ad
895 3572 955 3609 rem
968 3551 1061 3630 ipram
1078 3544 1329 3613 transferendum,

139 3646 227 3716 latur,
248 3666 276 3704 v.
291 3655 337 3706 43.
356 3647 443 3707 infra.
758 3646 902 3724 loquendi
936 3666 1018 3704 more
1047 3642 1129 3703 haud
1163 3639 1330 3717 inusitato.)

178 3766 225 3818 40.
271 3757 389 3816 Gemino
426 3760 539 3838 alteri]
593 3761 708 3829 Sosidi,
761 3744 876 3801 Rursus
889 3754 989 3801 autem
1006 3738 1149 3798 alluditur
1166 3735 1205 3795 ad
1217 3754 1331 3794 morem

142 3850 194 3927 qui
220 3849 303 3908 domi
330 3850 411 3927 apud
437 3864 562 3912 matrem
588 3854 709 3914 relictus
758 3840 850 3898 istum
873 3860 920 3899 res
941 3838 1063 3897 amissas
1085 3855 1140 3913 per
1161 3852 1331 3912 praeconem

142 3956 194 4015 est,
216 3965 245 4004 v.
259 3953 307 4005 28.
327 3966 426 4024 supra
759 3933 923 4011 flagitandi,
945 3933 1038 3991 Merc.
1052 3930 1119 3991 655.
1134 3948 1199 4006 sqq.

179 4060 227 4121 46·
272 4059 339 4118 Vidi
352 4060 553 4140 flagitarier]
593 4062 708 4121 Audivi
774 4080 790 4101 ‘⁸
802 4076 899 4124 Certum
910 4082 946 4123 est
956 4089 1093 4133 praeonum
1102 4072 1184 4133 iubere
1193 4070 1243 4131 iam
1253 4085 1330 4130 quan·

141 4176 195 4234 per
207 4177 361 4235 praecones
374 4157 486 4235 inquiri
503 4178 542 4216 an
560 4158 708 4237 quispim
831 4144 1074 4233 tumestconducier,
1138 4220 1160 4231 ..
1227 4219 1232 4230 ι
1284 4218 1301 4241 n

141 4271 269 4328 puerum
289 4254 429 4312 amissum
449 4254 567 4324 viderit,
591 4266 643 4313 aut
663 4256 709 4312 in.
805 4225 854 4281 Qui
864 4222 931 4271 illam
939 4230 1090 4283 investigent,
1103 4237 1145 4281 qm
1154 4227 1282 4271 revomant.

142 4342 255 4403 dicium
272 4344 395 4421 aliquod
413 4345 451 4405 de
467 4345 519 4403 illo
535 4345 606 4406 dare
620 4358 708 4425 potu·
760 4348 839 4405 Vide
851 4347 883 4405 in
898 4346 994 4405 Gloss.

1031 4466 1054 4517 B
