3084 5017
510 459 560 522 IN
589 458 914 522 MENAECHMEI.
1214 457 1276 525 191

140 655 200 716 Cic.
221 658 286 715 Att.
308 656 362 714 xl.
384 664 429 715 15.
446 655 524 714 med.
565 654 690 714 “Solius
709 655 789 714 enim
810 674 901 712 meum
919 662 1075 732 peceatum
1093 651 1203 730 corrigi
1221 671 1282 710 uon

138 770 263 852 potes&
284 765 480 845 Frequentior
493 766 574 846 apud
584 765 705 826 Graecoo
718 766 917 837 constructi03
931 785 956 824 e.
969 786 1000 843 g.
1013 763 1113 823 AEsoh.
1126 765 1185 842 Ag.
1198 770 1282 833 1293.

140 881 266 938 “Eirrsiv
288 882 387 959 θρῆνον
406 878 474 940 θέλω
498 881 594 952 Ἐμὸν
616 881 675 936 τὸν
693 879 823 948 adreio?
858 877 1063 936 1101110111.
1079 876 1143 937 161.
1184 879 1283 934 “’Ai-

139 995 281 1077 λάτριον
298 991 441 1072 ἅνερο1.”
474 991 712 1052 Α1111.Αο11111η.
726 1000 773 1061 93.
815 989 899 1047 “To'v
917 991 979 1048 orie
999 991 1061 1047 τοῦ
1080 989 1283 1069 πρέσβευ1.”

139 1105 215 1164 Eur.
231 1105 307 1165 Hee.
321 1112 387 1165 480.
427 1103 629 1172 “Ouvodone
649 1102 726 1174 ὄμμα
747 1104 903 1176 συγκλείσει
924 1105 966 1160 rd
984 1103 1070 1160 σόν.”

188 1268 255 1327 777·
302 1249 484 1343 validus]
524 1259 566 1320 H.
579 1263 599 1319 1.
620 1261 698 1320 valet
717 1281 815 1320 saone.

188 1445 256 1505 iso.
305 1429 459 1523 Platea]
507 1435 624 1500 street.
666 1437 928 1497 1111111111..
1317 1419 1371 1533 f

190 1608 257 1667 781·
304 1590 586 1691 Exspectanda]
650 1603 741 1678 Quod
759 1605 797 1664 ed
818 1605 990 1684 hujusmodi
1013 1605 1170 1663 verborum
1192 1604 1284 1682 scrip-

140 1730 241 1778 turam
260 1719 398 1797 pertinet,
419 1720 496 1779 bene
516 1721 580 1796 egit
596 1721 708 1779 Funcc.
722 1720 785 1779 Vir.
802 1721 859 1779 AEt.
874 1721 909 1778 L.
919 1720 955 1777 L.
972 1719 1054 1778 Pars.
1069 1719 1111 1777 11.
1126 1720 1198 1798 Cap.
1212 1739 1284 1778 v111.

140 1828 307 1909 ''Euspeoto
320 1840 350 1889 et
362 1829 486 1909 exspolio
499 1832 590 1889 verbs
606 1831 775 1910 promiscue
792 1832 885 1908 vulgo
895 1851 967 1890 vcum
984 1851 1001 1888 r
1017 1831 1066 1890 vei
1079 1832 1174 1890 siner
1194 1831 1284 1890 inter-

139 1941 240 2018 posito
259 1941 446 2000 scribuntur:
468 1941 520 2000 sed
539 1942 627 2020 plane
646 1941 728 2000 oiiud
749 1951 795 2000 est
814 1949 929 2021 expecto
947 1953 978 2000 et
994 1940 1105 2021 expolio
1126 1961 1216 2020 quom
1236 1963 1285 2000 er-

140 2059 237 2129 specto
256 2063 288 2110 et
309 2051 442 2132 exspolio.
483 2053 611 2132 Eopecto
632 2053 712 2112 idem
732 2064 779 2112 est
795 2053 877 2131 quod
889 2053 1007 2131 pectine
1025 2054 1136 2113 evello:
1158 2062 1287 2133 exspecto

141 2181 243 2229 autem
256 2191 274 2228 a
291 2179 385 2249 specto
403 2171 599 2250 compositum
618 2179 694 2230 est„“
734 2169 855 2229 Videsis
868 2169 989 2242 Quiuot
1004 2170 1078 2230 Inst.
1092 2171 1160 2230 Lib.
1174 2171 1199 2228 I.
1212 2173 1286 2251 Cup.

141 2301 197 2338 vn.
218 2279 281 2338 init.
320 2281 368 2340 De
387 2281 605 2360 orthographia.

134 2415 138 2421 Ι
202 2481 253 2492 -
309 2434 476 2528 Dolent.]
516 2443 612 2506 Aede.
654 2447 730 2505 Haeo
744 2466 802 2504 vox
815 2446 853 2505 ud
867 2447 999 2524 singulas
1012 2448 1204 2525 aegritudines
1218 2471 1286 2510 cum

142 2556 244 2628 animi,
263 2567 328 2615 tum
346 2558 476 2636 corporis
496 2579 581 2637 aeque
594 2557 731 2616 refertur.
773 2555 946 2627 01111159.
987 2558 1111 2617 “Doleo
1122 2560 1161 2618 ab
1178 2561 1286 2630 animo,

143 2669 230 2727 doleo
249 2669 287 2726 ab
307 2663 409 2766 oeulis,
430 2668 516 2728 doleo
535 2670 573 2728 ab
593 2668 795 2747 egritudine?

193 2849 259 2909 787.
307 2833 478 2926 Inoedit]
529 2847 644 2906 Lentus
664 2843 841 2922 ingreditur.
884 2841 964 2902 Vide
987 2842 1072 2900 Noto
1094 2831 1131 2902 'et
1152 2844 1289 2922 exemplo

145 2965 293 3044 quaedem,
306 2966 433 3024 maxime
446 2976 550 3024 notatu
565 2965 664 3042 digna,
681 2964 764 3039 (oum
783 2982 904 3041 prorsus
922 2961 1056 3020 omiserit
1068 2961 1155 3020 Pru:
1170 2963 1201 3021 in
1214 2963 1287 3022 Lex.

144 3076 257 3156 Plaut)
280 3078 378 3148 semel,
404 3077 428 3136 si
451 3077 524 3136 tanti
549 3086 602 3145 est,
627 3075 767 3135 conferas.
817 3075 938 3143 Noster,
960 3073 1072 3152 Amph.
1097 3083 1162 3141 174.
1199 3075 1288 3133 “Vix

978 3191 995 3213 2)

144 3193 244 3252 incedo
265 3193 379 3252 inanis:
400 3215 438 3253 ne
459 3194 505 3252 ire
520 3212 606 3271 posse
626 3213 687 3250 oum
707 3211 791 3250 onere
810 3191 977 3250 existumes.
1035 3191 1066 3267 (1
1085 3212 1140 3250 can
1157 3193 1288 3270 scarcely

144 3305 223 3383 drag
238 3303 347 3384 myreff
355 3303 442 3383 along
455 3314 567 3382 empty,
582 3302 671 3362 much
685 3302 742 3362 less
761 3302 791 3359 if
806 3299 934 3380 loaded.)
973 3300 1051 3359 Asin
1064 3301 1130 3361 681.
1171 3302 1288 3362 “Uttu

144 3415 275 3475 incedis!
310 3416 436 3474 Donum
458 3425 511 3474 tuo
532 3415 570 3473 de
591 3414 690 3484 ordeo,
710 3412 818 3472 tolutim
836 3414 868 3471 ni
889 3413 1051 3472 badizas!”
1092 3414 1186 3493 (How
1207 3414 1287 3494 siug-

142 3527 241 3608 gisldy
255 3548 316 3606 you
333 3548 419 3586 move
428 3525 450 3606 1)
489 3526 561 3584 Aul.
576 3533 602 3585 8.
643 3525 751 3584 “Vide
765 3535 800 3583 ut
813 3523 918 3582 incedit
927 3527 959 3580 !''
991 3524 1085 3603 (How
1099 3525 1151 3584 she
1164 3526 1286 3608 oreeps.)

147 3639 247 3718 [Male
267 3637 395 3710 Bounu,
418 3637 497 3696 curis
518 3636 666 3705 secundis,
690 3643 721 3693 ut
745 3633 841 3713 cedit.)
880 3636 945 3694 Cas.
966 3637 1033 3695 446.
1075 3637 1162 3696 “Sed
1185 3659 1287 3698 eccum

145 3751 274 3810 incedit!
314 3751 358 3810 At
384 3771 474 3830 quom
497 3751 642 3829 adspicias
666 3748 784 3819 tristem,
808 3751 889 3828 frugi
916 3751 1074 3810 censeas!”
1114 3750 1201 3811 Cure.
1222 3761 1288 3819 287.

147 3864 274 3924 “Graeci
288 3863 476 3923 subfarcinati
493 3861 626 3922 incedunt
637 3883 704 3923 cum
718 3865 828 3922 libris.”
852 3862 950 3942 (Stallc
964 3863 1120 3944 solemnly.)
1142 3865 1230 3943 Epid.
1239 3873 1289 3935 94.

148 3973 290 4034 “Tristis
311 3984 363 4033 est.
401 3973 483 4031 Cum
508 3972 681 4031 Choeribulo
701 3971 833 4031 incedit?
866 3981 931 4039 217.
973 3973 1116 4032 “Fundis
1140 3987 1288 4034 exornatae

76 4135 81 4144 .
146 4086 250 4145 muitae
273 4084 405 4144 incedunt
423 4103 477 4163 per
501 4084 590 4142 viosss’
630 4083 754 4160 (March
778 4083 880 4162 rtatelq
900 4083 976 4141 thro’
999 4084 1051 4143 the
1071 4088 1200 4163 streets.)
1221 4095 1287 4159 594.

147 4208 168 4235 “
177 4199 292 4258 Eccum
310 4194 422 4254 incedit.
457 4196 540 4268 Quid
551 4194 594 4253 illi
608 4203 726 4274 caperat
747 4195 830 4254 frons
842 4195 1085 4255 severitudine?”
1123 4196 1289 4277 (Nimirum

147 4310 219 4389 quia
232 4306 349 4386 tristis.)
383 4307 474 4366 Mero.
489 4305 557 4366 663.
591 4306 730 4365 “Eccum
745 4305 849 4364 incedit
866 4305 998 4364 tandem!
1033 4307 1113 4379 Quin
1128 4308 1153 4364 is
1166 4309 1289 4370 ocius?
