3084 5017
191 465 255 531 106
619 465 668 526 Μ.
694 463 735 526 Α.
761 458 946 526 PLAUTI

290 664 411 750 Quam
437 663 497 736 hie
516 665 571 736 tui
594 673 659 746 est,
685 673 798 756 tuque
823 656 930 752 hujus
955 662 1098 735 autem;
1124 655 1205 744 post
1228 640 1387 716 eandem

438 790 589 885 patriam
616 813 657 860 ao
680 797 818 883 patrem

292 915 484 988 Memorat.
532 914 674 987 Melius
695 937 759 985 nos
783 910 881 983 adire
901 916 966 990 est,
993 913 1099 998 atque
1119 898 1216 971 hunc
1234 916 1387 992 percon-

441 1041 557 1113 tarier.

193 1166 280 1239 Mu.
296 1166 331 1239 S.
351 1165 486 1238 Hercle
521 1165 606 1260 quin
641 1173 683 1236 tu
715 1186 773 1233 me
806 1153 1025 1232 admonuisti
1058 1160 1163 1232 recte,
1196 1156 1233 1219 et
1267 1141 1386 1214 habeo

440 1293 603 1388 gratiam.
1324 1281 1388 1344 990

291 1415 409 1511 Perge
436 1440 578 1512 operam
607 1414 702 1496 dare,
736 1409 877 1481 obsecro
909 1401 1044 1476 hercle!
1088 1397 1201 1470 Liber
1232 1403 1320 1475 esto,
1351 1390 1387 1460 si

441 1540 578 1612 invenis

294 1662 408 1736 Hunc
422 1689 539 1737 meum
553 1662 698 1736 fratrem
713 1662 806 1734 esse!

623 1785 727 1857 Mus
748 1783 868 1878 Spero.

778 1907 865 1979 ΜΕ.
883 1905 919 1977 S.
937 1902 992 1976 Et
1007 1925 1073 1999 ego
1084 1900 1173 1972 item
1185 1917 1288 1992 spero
1300 1889 1388 1962 fore.

196 2042 304 2114 MEs.
321 2038 424 2125 Quid
435 2040 486 2111 ais
504 2042 570 2110 tu?
599 2031 877 2113 Menaechmum,
895 2028 1030 2125 opinor,
1048 2034 1086 2097 te
1099 2019 1216 2093 vocari
1232 2015 1389 2090 dixeras.

200 2165 463 2238 MnItavero.
781 2241 783 2246 .

387 2287 491 2359 Mus.
511 2287 609 2358 Huic
620 2286 709 2357 item
723 2278 949 2355 Menaechmo
962 2299 1092 2348 nomen
1106 2281 1173 2344 est.
1202 2270 1249 2340 In
1263 2262 1393 2340 Sicilia

297 2411 353 2484 Te
379 2411 560 2508 Syracusis
585 2418 710 2482 natum
735 2432 809 2480 esse
832 2403 978 2488 dixisti3
1005 2397 1065 2470 hic
1089 2403 1215 2468 natust
1238 2391 1303 2463 ibi.
1330 2401 1391 2464 995

298 2533 490 2608 Moschum
512 2534 580 2607 tibi
595 2544 732 2630 patrem
750 2531 859 2603 fuisse
876 2527 1023 2610 dixisti3
1051 2520 1136 2595 huic
1152 2517 1285 2592 itidem
1297 2513 1390 2586 'fuit

298 2659 408 2732 Nunc
425 2684 562 2759 operam
581 2659 727 2756 potestis
743 2656 846 2728 ambo
862 2650 953 2726 mihi
972 2649 1055 2722 dare
1072 2656 1109 2719 et
1126 2644 1228 2717 vobis
1246 2637 1368 2713 simul.

201 2787 283 2857 Mn.
296 2763 544 2867 Promeruisti,
562 2795 604 2855 ut
621 2780 765 2878 nequid
781 2804 867 2862 ores,
886 2773 981 2872 quod
997 2771 1096 2856 velie,
1115 2769 1204 2865 quin
1219 2767 1394 2863 inpetres.

299 2905 485 3003 Tanquam
513 2911 543 2980 si
568 2908 693 2981 emeris
719 2931 775 2978 me
801 2911 959 3000 argento,
985 2898 1077 2970 liber
1103 2891 1244 2966 servibo
1269 2890 1353 2963 tibi.

469 3115 492 3145 v.
507 3098 561 3147 992.
591 3097 668 3156 Spero,
683 3097 713 3144 ob
728 3108 851 3154 personam
866 3090 982 3140 mutatam
996 3104 1045 3137 nou
1059 3085 1117 3134 elid.

203 3241 270 3298 Mil.
285 3241 322 3297 G.
337 3247 402 3298 242.
816 3245 862 3294 est
880 3251 995 3292 ovorum
1013 3227 1190 3296 similitudo,
1212 3236 1249 3284 ut
1265 3233 1400 3285 testatur

233 3353 248 3375 “
260 3352 320 3399 Tam
329 3348 437 3405 similem,
452 3361 524 3406 quam
533 3347 595 3394 lacte
605 3347 661 3394 laeti
670 3346 730 3395 est.'’
816 3331 859 3388 Μ.
875 3329 954 3387 Tull.
972 3327 1041 3385 Lib.
1056 3325 1114 3384 IV.
1134 3324 1233 3382 Acad.
1255 3324 1400 3396 Quaest.“

204 3456 468 3524 Bacch,P101‚49‚
817 3424 903 3482 Idem
922 3441 1042 3501 quoque
1057 3420 1151 3507 Rhodie
1167 3418 1254 3497 apud
1270 3437 1327 3475 noa
1344 3439 1399 3476 va-

203 3571 219 3593 ..
232 3567 288 3614 Non
308 3564 385 3613 minus
405 3563 495 3620 similis,
516 3579 587 3622 quam
607 3563 663 3611 lacti
682 3564 729 3623 lac,
748 3563 767 3611 si
814 3519 866 3587 let,
883 3529 918 3577 ut
932 3528 963 3577 et
973 3517 1112 3596 pisorum.
1143 3514 1204 3591 (Aa
1217 3514 1277 3572 lr'lce
1290 3535 1325 3572 ar
1339 3522 1399 3571 troo

263 3641 378 3697 conferas,
813 3618 909 3694 pecs.)
934 3614 1033 3682 Adde,
1048 3613 1111 3670 Cic.
1126 3613 1192 3670 Act.
1204 3610 1264 3668 IV.
1276 3619 1304 3670 8.
1334 3610 1399 3683 Qui

234 3715 384 3771 Antequam
399 3710 496 3770 aquae.”
817 3712 889 3770 citat
901 3709 1001 3768 neseio
1014 3708 1103 3786 cujus
1117 3706 1235 3765 Comici
1250 3726 1369 3774 versus,

205 3823 285 3880 Citat
297 3822 425 3898 Interpr.
439 3821 574 3878 Britann.
596 3820 730 3878 Saureae.
831 3818 848 3840 ‘⁸
859 3817 928 3904 Σῇκῳ
943 3815 978 3902 off
992 3814 1039 3869 ‘riv
1055 3813 1273 3901 Adumoafixov
1287 3814 1343 3859 οὐδὲ
1359 3813 1386 3860 ἓν

205 3933 267 3979 “To
279 3932 308 3979 be
322 3930 462 3988 acquainted
472 3929 530 3978 with
542 3930 588 3978 this
599 3938 716 3990 stranger3
732 3929 768 3978 ’tis
856 3889 941 3932 oum
955 3902 1041 3945 ⁰l²⁰⁸⁰v
1056 3884 1179 3944 7⁶7⁰m',

265 4019 290 4051 as
299 4004 346 4051 like
356 4019 403 4062 you
818 3974 970 4053 Theophr.
985 3973 1075 4032 Char.
1092 3973 1162 4054 Περὶ
1175 3973 1298 4052 ’Apsum
1314 3981 1333 4006 “
1342 3969 1402 4028 Σό-

237 4079 270 4126 As
284 4079 366 4136 cherry
381 4080 401 4127 is
415 4087 439 4126 to
454 4079 559 4138 cherry?
818 4097 873 4128 κου
891 4071 1106 4150 ὀμοιότερα.”
1130 4073 1197 4130 Etc.

390 4170 769 4219 HW·V111·A⁰tV·S⁰·¹¹¹·
856 4188 922 4249 991.
963 4177 1054 4236 Liber
1074 4178 1164 4258 esto]
1200 4180 1250 4239 De
1264 4181 1324 4240 hac
1337 4181 1400 4239 for·

208 4270 225 4290 ”
235 4267 283 4325 Sic
293 4275 311 4301 “
332 4260 520 4344 (ait'Laun.)
539 4267 594 4325 ”in
610 4270 768 4358 proverbio
818 4275 907 4344 mula,
928 4275 1009 4334 Vide
1025 4277 1124 4354 Supra
1137 4285 1206 4346 927.
