3084 5017
517 457 567 519 IN
597 453 923 518 MENAECHMEI.
1224 448 1289 516 119

198 658 247 718 25·
296 650 497 742 Alterum]
548 657 618 720 Orte
636 657 677 738 of
687 657 740 718 tlte
757 661 829 716 two.
878 655 947 714 Hoc
965 655 1045 714 enim
1066 652 1141 710 alter
1160 653 1197 710 ab
1216 651 1293 709 alias

141 777 242 847 distat,
264 779 347 856 quod
360 779 410 838 hic
424 779 462 838 de
476 778 614 857 pluribus
632 778 757 846 dicatur,
777 775 828 834 ille
846 775 884 833 de
899 775 1018 833 duobus
1035 782 1160 830 tantum.
1191 768 1292 840 ”Qui-

139 889 244 958 dam,“
263 889 307 948 ait
328 890 445 958 Festus,
470 890 679 950 ”arbitrantur
701 890 816 948 factum
842 906 905 946 esse
931 905 949 944 a
975 883 1089 944 Graecis
1113 880 1293 941 dictionibus

138 1001 227 1060 <illos
247 1001 379 1081 {reperf‘
419 1002 470 1063 sic
484 1003 605 1072 Neuter,
629 1002 714 1060 Infra
726 999 795 1068 688,
815 1019 872 1077 pro
886 1019 921 1056 ne
934 1005 1007 1066 ater,
1028 995 1071 1073 (h.
1080 1016 1105 1055 e.
1124 994 1292 1073 ael-repas.)

196 1275 245 1333 27.
294 1258 521 1352 Tarentum]
570 1270 671 1328 Hodie
697 1271 832 1329 Tarento.
872 1267 979 1327 ”Urbs
996 1269 1094 1347 ampla
1112 1269 1144 1325 in
1161 1289 1196 1326 ea
1208 1278 1294 1346 parte

139 1387 328 1466 Italiae·quae
345 1388 455 1448 dicitur
473 1389 585 1466 Magna
603 1389 728 1459 Graecia,
750 1389 789 1447 ad
806 1388 905 1446 sinum
922 1388 1118 1446 Tarentinum
1140 1387 1204 1455 sita,
1222 1387 1294 1444 olim

138 1497 226 1556 valde
244 1509 361 1576 potens,
382 1508 413 1557 et
433 1498 585 1576 praecipue
608 1508 782 1557 mercaturae
803 1497 912 1557 dedita.
959 1496 1104 1555 Conditor
1120 1496 1180 1554 fuit
1201 1497 1293 1554 Taras
1343 1570 1345 1585 Ι

138 1604 280 1683 Neptuni
302 1605 411 1664 filius.“
452 1606 543 1664 Facu.

193 1893 246 1906 .-
291 1845 358 1919 Ad
375 1844 600 1938 mercatum]
654 1853 704 1915 Το
721 1854 857 1940 trafficlr.
888 1857 982 1915 Mero.
1004 1856 1083 1914 Prol.
1108 1867 1152 1916 11.
1175 1856 1292 1915 “Pater

137 1977 176 2034 ad
196 1985 354 2037 mercatam
374 1978 446 2037 hinc
465 1999 514 2038 me
533 1999 618 2038 meus
637 1978 719 2036 misit
739 1977 908 2035 Rhodum.”

193 2217 243 2268 30.
293 2202 470 2276 Mortales
491 2203 627 2296 multi]
683 2209 711 2271 Α
735 2215 835 2290 great
856 2210 972 2272 crowd.
1020 2215 1097 2274 Gell.
1122 2214 1290 2286 X111.28;

135 2331 244 2409 Longe
268 2352 330 2390 esse
349 2332 487 2411 amplius,
502 2333 552 2403 ait,
568 2334 599 2391 in
618 2331 813 2411 significanda
831 2332 924 2391 totius
940 2352 1035 2412 prope
1051 2333 1179 2394 civitatis
1191 2335 1292 2393 multi-

136 2441 253 2511 tudine,
275 2442 409 2500 mortales
429 2462 521 2520 quam
540 2440 665 2500 homiues
692 2442 818 2500 dixisse:
849 2441 958 2501 ”Nam
981 2441 1130 2502 maltorum
1151 2444 1292 2503 horminum

53 2573 59 2590 ·
136 2554 307 2631 appellatio,
329 2554 408 2613 inter
429 2554 581 2613 modicum
600 2575 721 2632 quoque
739 2573 900 2612 numerum
922 2553 1054 2613 cohiberi
1072 2566 1162 2633 atque
1179 2556 1293 2615 includi

135 2676 245 2744 potest,
259 2665 341 2725 malti
359 2676 459 2724 autem
472 2665 605 2724 mortales
624 2664 725 2722 nescio
744 2684 805 2741 quo
823 2671 921 2741 pacto,
940 2674 972 2722 et
993 2662 1123 2741 quodam
1141 2684 1231 2723 sensu
1246 2666 1292 2722 in-

135 2780 306 2849 enarrabili,
333 2800 420 2838 omne
447 2779 510 2837 fere
533 2797 630 2855 genus
654 2777 737 2855 quod
759 2777 791 2834 in
815 2777 936 2835 civitate
962 2786 1017 2846 est,
1045 2786 1076 2835 et
1101 2777 1241 2835 ordinum
1263 2788 1294 2835 et

137 2891 275 2950 aetatium
301 2900 331 2949 et
358 2910 456 2961 sexus,
482 2888 749 2967 comprehendunt.
802 2888 894 2961 Quod
925 2887 1038 2947 scilicet
1064 2887 1290 2965 Quadrigarius,

135 3004 292 3081 ingentem
313 3013 403 3080 atque
426 3001 627 3079 promiscuam
650 3000 876 3058 multitudinem
898 2999 1000 3058 volens
1021 2999 1186 3068 ostendere,
1211 3009 1292 3058 ‘cam

134 3112 233 3172 maltis
255 3111 425 3171 mortalibus
447 3109 607 3170 Metellum
626 3111 659 3168 in
682 3110 864 3189 Capitolium
885 3110 1008 3169 venisse'
1028 3110 1114 3180 dixit,
1132 3109 1291 3189 ἐμφατικώ·

135 3251 221 3305 τερον
252 3245 342 3303 quam
367 3223 391 3282 si
414 3243 484 3284 cum
506 3223 609 3282 multis
632 3222 804 3281 hominibus
826 3222 979 3281 dixisset“
1032 3222 1102 3282 Hoc
1120 3244 1208 3285 sensu
1230 3226 1291 3285 Cic.

134 3339 205 3397 Div.
217 3345 246 3398 5.
283 3343 303 3370 “
311 3334 451 3394 Defendo
464 3334 545 3393 enim
558 3334 660 3391 maltos
672 3331 816 3401 mortales,
831 3333 940 3391 multas
950 3333 1094 3405 civitates,
1108 3337 1291 3414 provinciam

135 3453 269 3512 Siciliam
282 3452 404 3511 totam.''

22 3665 23 3676 ¹
148 3756 152 3762 .
190 3721 244 3734 —
289 3673 348 3748 Ut
365 3672 410 3746 ad
429 3671 560 3762 ludos]
594 3678 640 3740 As
661 3679 690 3739 la
710 3681 814 3741 asaal
835 3685 867 3740 to
886 3679 1001 3740 stowe.
1046 3684 1085 3742 Ut
1103 3684 1159 3745 hac
1176 3686 1289 3764 signifi-

135 3805 251 3864 catione
268 3823 329 3862 non
345 3821 413 3860 raro
427 3801 564 3862 occurrit.
595 3799 757 3860 Ov.Trist.
779 3799 838 3860 l.r.
855 3808 900 3866 17.
931 3807 951 3834 “
965 3800 1003 3857 Ut
1016 3800 1048 3858 in
1061 3803 1201 3880 populo.”
1232 3804 1291 3884 (As

134 3913 159 3970 is
178 3914 231 3974 the
252 3914 343 3989 case)
366 3914 419 3970 &a
463 3912 509 3969 lta
528 3909 610 3988 apud
631 3910 752 3969 Graecos
774 3915 809 3966 a‘s
829 3917 1000 3986 usurpatur.

172 4166 224 4226 31.
273 4145 495 4240 Aberravit]
536 4153 702 4235 Strayed;
729 4157 791 4217 lost
810 4154 862 4215 lis
881 4169 964 4229 way·
999 4151 1182 4233 Plerumque
1195 4167 1290 4217 trans-

134 4277 192 4337 lata
205 4278 425 4357 significatione
443 4279 590 4339 occurrit:
611 4278 664 4336 sed
677 4277 754 4335 Vide
767 4277 823 4334 loc.
843 4275 987 4347 Petronii,
1008 4275 1057 4335 cit.
1076 4274 1107 4332 in
1121 4296 1149 4334 v.
1163 4275 1210 4334 46.
