3084 5017
202 480 246 543 18
634 478 683 540 Μ.
708 477 745 539 Α.
772 476 959 540 PLA-UTI

201 676 272 749 ΡΕ.
300 676 360 749 Ita
385 702 450 773 ego
476 674 591 749 soleo:
618 674 881 748 commoditatis
904 674 1020 747 omnis
1043 674 1210 766 articulos
1235 674 1316 747 scio.
1351 680 1394 741 64

202 804 285 875 ΜΕ.
298 802 387 875 Vin'
404 814 445 875 tu
462 801 599 875 facinus
617 799 840 874 luculentum
858 801 1059 900 inspicere?

898 927 972 1001 Pr.
992 926 1088 1014 Quis
1100 923 1140 999 id
1151 928 1247 1001 coxit
1259 926 1391 999 cocus?

300 1054 328 1129 J
328 1082 383 1128 am
403 1055 521 1138 sciam,
540 1055 570 1127 si
587 1054 675 1152 quid
691 1048 888 1127 titubatuin
906 1064 972 1140 est,
995 1055 1058 1128 ubi
1074 1053 1242 1150 reliquias
1259 1052 1391 1124 videro.

202 1182 288 1257 ΜΕ.
303 1183 374 1256 Dic
384 1181 487 1267 mihi,
500 1206 588 1254 num
602 1207 673 1278 qua
687 1192 729 1255 tu
740 1181 864 1255 vidisti
878 1183 1038 1255 tabulam
1049 1184 1181 1280 pictam
1192 1183 1231 1253 in
1244 1181 1392 1277 pariete,

300 1306 380 1380 Ubi
404 1306 524 1404 aquila
546 1307 767 1380 Catamitum
791 1318 941 1404 raperet,
965 1318 1028 1381 aut
1051 1306 1113 1380 ubi
1138 1304 1264 1378 Venus
1287 1303 1394 1376 Ado-

448 1457 557 1505 ncum
570 1435 588 1504 Ρ

202 1557 272 1629 ΡΕ.
301 1552 411 1653 Ssepe.
439 1554 510 1627 Sed
524 1555 613 1653 quid
623 1557 701 1629 istae
712 1556 861 1653 picturae
874 1555 920 1629 ad
931 1577 990 1627 me
1003 1555 1189 1628 attinent?

927 1680 1014 1753 ΜΕ.
1040 1679 1138 1776 Age,
1155 1705 1213 1752 me
1229 1678 1390 1775 adspice!

300 1805 445 1903 Ecquid
459 1806 634 1881 adsimulo
651 1808 846 1882 similiter?

704 1932 781 2005 Pn.
806 1932 883 2021 Qui
898 1932 980 2006 istic
993 1942 1047 2005 est
1061 1944 1206 2006 ornatus
1216 1933 1325 2004 tuos?
1353 1943 1392 2002 70

202 2058 289 2131 Mn.
300 2056 371 2129 Dic
386 2055 568 2131 hominem
580 2057 852 2154 lepidissumum
867 2082 942 2131 esse
957 2061 1034 2131 me!

950 2182 1026 2255 ΡΕ.
1043 2185 1123 2259 Ubi
1137 2183 1230 2256 esuri
1243 2183 1390 2255 sumus?

202 2307 288 2381 ΜΕ.
300 2306 376 2381 Dic
387 2306 492 2380 modo
505 2304 582 2393 hoc,
596 2308 691 2406 quod
704 2335 769 2406 ego
783 2320 820 2382 te
825 2310 936 2407 jubeo
948 2313 956 2381 l

735 2433 812 2506 ΡΕ.
832 2434 945 2508 Dico:
964 2435 1111 2508 ”Homo
1127 2433 1393 2530 lepidissume.“

202 2646 225 2677 v.
235 2630 273 2677 65.
294 2628 351 2682 Quis
361 2625 443 2686 rapide
454 2625 537 2687 (Qut)
551 2626 719 2684 pronuntianti.
737 2628 818 2690 [Infra
827 2630 879 2677 195.
890 2628 956 2689 553⁴]
986 2630 1025 2677 69.
1039 2630 1155 2687 Atticene,
1168 2630 1230 2677 med.
1242 2627 1297 2687 syll.
1309 2626 1393 2675 extrita

291 2699 560 2762 (Att’nentdpronunt.
588 2700 626 2747 70.
641 2699 705 2760 Istic,
720 2702 785 2762 prior
794 2703 851 2763 syll.
860 2703 992 2764 corripitur.
1009 2704 1099 2767 [Supra
1109 2702 1159 2764 lt]
1189 2705 1228 2753 71.
1242 2703 1306 2750 Med·

241 2840 288 2900 64.
345 2840 559 2901 Commoditctis
604 2844 773 2926 articulos]
861 2850 909 2918 67.
950 2837 1064 2909 Pictam
1078 2850 1109 2908 in
1119 2848 1261 2929 pariete]
1282 2847 1395 2906 Confer

202 2946 211 2973 ‘
223 2939 238 2995 Ι
261 2938 352 2997 know
375 2937 445 2996 how
467 2948 499 2996 to
518 2937 565 2997 hit
581 2942 698 3020 exactly
722 2942 773 3001 the
823 2943 916 3001 Merc.
931 2950 997 3013 309.
1012 2963 1076 3023 sqq.

201 3055 274 3114 very
294 3036 365 3094 niel(
384 3036 419 3093 ⁰f
432 3036 522 3095 time:
564 3036 689 3115 Singula
709 3060 773 3097 “¹⁰²
837 3072 890 3120 “Si
908 3087 1016 3133 unquam
1034 3071 1124 3121 vidistis
1145 3070 1235 3131 pictum
1257 3078 1394 3126 amatorem,

200 3142 300 3191 menta
319 3132 463 3209 temporis
480 3132 555 3192 mihi
573 3136 705 3195 studiose
718 3156 771 3193 no·
895 3149 950 3197 hem
963 3148 1014 3197 illie
1028 3158 1077 3198 est:

199 3239 311 3289 tantur.
867 3226 933 3273 Nam
943 3241 995 3273 meo
1005 3226 1100 3286 quidem
1108 3225 1186 3273 animo
1195 3224 1297 3282 vetulus,
1311 3225 1392 3273 decre-

239 3342 287 3403 65·
318 3336 449 3399 Facm'l
462 3341 662 3422 l¹⁴⁶⁹²⁴l⁶⁷²t¹l⁷²²·:l
676 3344 771 3402 Aliud
865 3310 1049 3433 Tallttildseffindsxt’,
1066 3373 1134 3433 quasi
1149 3373 1179 3421 sit
1193 3372 1284 3432 signum
1301 3373 1392 3433 pictum

200 3439 415 3507 Menaechmus,
429 3433 511 3497 aliud
522 3439 674 3499 Parasitus
683 3442 770 3500 intel·
894 3446 919 3493 in
934 3446 1049 3505 pariete?

198 3535 276 3613 lisit-
316 3534 395 3593 Nam
422 3552 490 3591 cum
515 3533 571 3593 1110
593 3533 707 3613 pallam
732 3538 771 3595 ab
861 3557 907 3615 το.
934 3549 1268 3629 rosmoosmuoerr]
1283 3551 1392 3609 nonne

197 3652 291 3691 uxore
310 3630 478 3691 luculenter
498 3642 529 3689 et
546 3632 630 3691 fabre
650 3652 770 3711 surrep-
821 3647 921 3724 aliqua
950 3666 987 3704 εχ
1017 3658 1103 3725 parte
1129 3646 1336 3725 Ganymedem
1362 3655 1393 3706 et

197 3737 260 3787 tam
273 3725 438 3803 significet3
460 3726 769 3800 H502(¹1tV0¹¹irlde·
820 3740 955 3798 Adonim
975 3741 1073 3819 specie
1089 3750 1142 3799 aut
1159 3741 1243 3800 cultu
1261 3740 1395 3819 corporis

197 3821 304 3900 ditus‚)
322 3817 379 3877 cibi
397 3816 510 3898 aliquid
526 3839 590 3877 esse
606 3818 723 3878 lautum
740 3829 771 3877 et
820 3836 938 3894 refero?
973 3837 1042 3895 Hoc
1074 3844 1174 3894 autem
1197 3835 1239 3893 ait
1270 3833 1391 3904 idcirco,

197 3914 385 3974 luculentum
399 3913 576 3989 suspicatur.
820 3931 1272 4008 quodpafflmmrjsinduem,
1289 3930 1393 4008 Gany,

237 4021 284 4083 66.
326 4020 361 4078 Si
372 4021 442 4101 quid
451 4020 603 4081 titubatum
613 4025 683 4102 est]
701 4026 769 4084 Jsm
820 4026 924 4085 medes
935 4028 1015 4085 enim
1028 4038 1059 4086 et
1067 4027 1183 4087 Adonis
1193 4027 1279 4107 pueri
1288 4027 1394 4086 molles

198 4120 289 4181 sciam
310 4120 334 4176 si
352 4120 427 4198 quid
444 4120 476 4177 in
494 4122 650 4200 coquendo
665 4142 769 4201 peccc-
820 4129 851 4178 et
863 4121 1024 4181 mulierum
1037 4122 1147 4181 similes
1160 4132 1253 4181 erant.
1288 4122 1393 4180 Lanu.

196 4226 264 4275 tum
280 4214 380 4273 luerit.
421 4216 576 4275 Nostrates
589 4217 703 4285 dicunt,
724 4217 776 4275 ‘If
821 4214 1393 4294 LuditinreeademAristoph.Ran.ld.

197 4312 282 4371 there
295 4310 348 4369 has
361 4310 438 4369 been
451 4331 469 4367 α
484 4310 541 4390 clip
554 4311 644 4389 oftde
653 4314 734 4389 pan!
820 4312 899 4370 Vide
912 4312 992 4373 infra
1005 4322 1071 4373 415.
1086 4334 1130 4391 sq.
