3084 5017
309 497 347 571 vi
747 518 1008 571 naussum.

308 695 446 796 primis
480 696 577 769 meis
607 693 808 770 laboribus
841 697 902 771 vel
938 695 1144 772 minimum
1179 696 1326 773 fructus
1362 698 1454 774 lite·

308 854 440 904 rarum
459 839 636 904 amantes
653 829 888 928 acceperint.
941 829 989 903 In
1009 830 1147 905 horum
1167 832 1456 930 benignitatem

306 987 447 1061 meque
462 962 725 1060 Plautumque
738 964 980 1050 commendo,
996 963 1038 1038 id
1053 975 1185 1040 tamen
1199 964 1453 1041 vehementer

307 1095 533 1194 deprecam,
554 1119 624 1182 ne,
638 1094 670 1168 si
695 1094 793 1192 quid
820 1118 890 1193 ego
912 1094 1170 1183 deliraverim,
1194 1096 1452 1171 suavissimus

307 1230 485 1307 omnium⁴
514 1230 638 1304 Poeta
674 1228 724 1303 ob
763 1229 920 1327 culpam
960 1253 1088 1303 meam
1122 1230 1336 1329 plectatur3
1377 1231 1450 1306 sed

307 1363 591 1463 qualiscunque
621 1359 678 1439 de,
697 1386 760 1435 me
789 1360 1047 1436 Literatorum
1074 1360 1265 1437 exstiterit
1292 1374 1448 1436 senten-

307 1495 373 1582 tia,
412 1494 516 1570 huuc
546 1492 653 1566 haud
687 1491 817 1568 secius
849 1493 1122 1568 benevolentia
1149 1504 1447 1592 prosequantur,

305 1627 411 1701 hunc
435 1635 578 1711 ament,
603 1623 707 1698 hunc
734 1623 908 1712 laudent,
938 1624 1043 1699 hunc
1069 1622 1163 1699 foris
1192 1624 1445 1713 admirentur,

306 1760 435 1837 colant
460 1756 578 1832 domi.
936 1740 938 1746 '

376 2028 493 2117 Quod
521 2030 553 2103 si
581 2028 632 2102 ad
659 2027 862 2102 reductum
889 2051 1014 2126 usque
1035 2027 1163 2102 adhuc
1187 2026 1447 2124 abditumque

303 2161 520 2262 purissima
559 2159 780 2234 Latinitatis
821 2159 967 2235 fontem
1008 2158 1268 2234 hauriendum
1298 2157 1442 2257 juven-

303 2302 426 2366 tutem
459 2301 630 2366 nostram
660 2290 819 2364 allicere
851 2290 914 2364 vel
946 2287 1207 2387 pauxillulum
1241 2283 1441 2369 valuerim,

303 2446 430 2520 neque
453 2446 515 2496 me
536 2445 694 2520 operam
715 2444 872 2495 omnem
895 2417 1071 2494 olcumve
1092 2415 1309 2516 perdidisse
1326 2438 1441 2513 repu-

301 2558 415 2648 tabo,
442 2581 568 2654 neque
593 2554 701 2629 Preli
724 2552 953 2629 Academici
978 2548 1175 2651 Syndicos
1194 2544 1442 2621 liberalitatis

302 2718 380 2768 suae
402 2692 742 2791 indulgentiaque,
761 2715 841 2790 qua
862 2689 979 2791 hujus
1001 2685 1124 2762 libelli
1146 2685 1308 2761 tutelam
1332 2683 1372 2757 in
1398 2706 1441 2757 se

300 2827 552 2928 susceperint,
579 2827 737 2901 omnino
763 2825 926 2900 fortasse
951 2819 1167 2921 poenitebit.
