3084 5017
578 489 903 554 MENAECHMEI.
1268 490 1335 573 107

148 681 253 754 Mus.
268 683 357 780 Spes
384 683 473 757 mihi
500 700 564 772 est,
591 714 650 763 vos
676 691 883 764 inventuros
906 689 1031 763 fratres
1053 714 1238 786 germanos
1260 690 1331 762 duo

245 805 430 894 Geminos,
448 835 520 884 una
536 826 649 887 matre
665 825 769 888 natos
785 826 821 889 et
838 828 939 912 patre
956 840 1038 900 uno,
1055 838 1127 887 uno
1143 812 1212 886 die.
1256 829 1327 880 1001

147 928 235 1002 ΜΕ.
251 929 351 1006 Mira
369 959 551 1012 memoras.
589 939 744 1014 Utinam
764 943 916 1027 ecficere,
934 941 1028 1038 quod
1044 939 1235 1038 pollicitus,
1252 965 1331 1036 pos-

397 1063 483 1136 sies!

146 1179 252 1256 MEs.
267 1185 426 1261 Possum.
476 1187 551 1278 Sed
566 1214 670 1276 nunc,
697 1193 804 1288 agite,
831 1205 979 1291 uterque
1001 1191 1050 1276 id,
1076 1192 1171 1290 quod
1190 1195 1329 1290 rogabo,

394 1313 512 1386 dicite.

146 1431 232 1504 ΜΕ.
246 1433 326 1508 Ubi
342 1436 453 1523 lubet,
471 1463 575 1536 roga:
594 1441 832 1539 respondeb03
851 1443 904 1514 nil
917 1442 1081 1526 reticebo,
1100 1442 1194 1538 quod
1211 1444 1329 1516 sciam.

146 1556 253 1632 Mus
267 1559 339 1634 Est
354 1563 421 1636 tibi
436 1589 564 1638 nomen
582 1566 831 1640 Menaechmo?

696 1694 781 1767 ΜΕ.
800 1692 942 1767 Fateor.

883 1814 988 1890 Mus.
1007 1817 1078 1890 Est
1091 1818 1218 1890 itidem
1232 1818 1329 1890 tibi?

145 1929 231 2004 ME.
246 1933 282 2008 S.
301 1936 383 2010 Est.

297 2062 401 2138 Mus.
420 2063 569 2140 Patrem
581 2066 689 2142 fuisse
703 2068 888 2143 Moschum
904 2071 971 2143 tibi
987 2072 1064 2142 ais?

903 2197 986 2270 ΜΕ.
1007 2197 1170 2270 Itavero.

1009 2321 1090 2393 ΜΕ.
1105 2320 1142 2394 S.
1160 2320 1215 2392 Et
1227 2317 1333 2392 mihi.

144 2439 252 2514 ΜΕΕ.
271 2439 372 2515 Esne
384 2452 427 2515 tu
441 2441 706 2540 Syracusanus?

567 2566 652 2641 ΜΕ.
671 2565 790 2640 Certo,

713 2689 818 2763 Mus.
837 2690 939 2777 Quid
957 2696 1026 2766 tu?

965 2816 1052 2888 ΜΕ.
1065 2816 1102 2889 S.
1122 2815 1327 2912 Quippini?

140 2941 246 3012 MES.
264 2937 424 3036 Optume
444 2967 555 3038 usque
576 2938 692 3015 adhuc
711 2943 925 3015 conveniunt
951 2941 1062 3038 signa.
1110 2941 1222 3012 Porro
1246 2966 1327 3037 ope-

392 3090 468 3137 ram
491 3064 583 3138 date.

244 3188 347 3275 Quid
366 3189 581 3287 longissume
603 3191 810 3274 meministi,
837 3191 894 3263 dic
911 3188 1012 3273 mihi,
1038 3190 1076 3260 in
1100 3189 1215 3286 petria
1236 3190 1325 3260 tua?

143 3315 230 3388 ΜΕ.
244 3311 338 3386 Cum
352 3323 453 3410 patre
466 3325 508 3385 ut
521 3315 593 3387 abii
604 3312 804 3386 Tarentum
817 3312 863 3385 ad
872 3324 1088 3397 mercatum
1104 3322 1226 3410 postea
1252 3327 1328 3377 1010

244 3440 347 3522 Inter
365 3438 526 3513 homines
545 3464 601 3512 me
619 3439 778 3514 deerrare
802 3467 822 3513 a
842 3451 954 3537 patre,
980 3450 1087 3536 atque
1108 3437 1193 3511 inde
1213 3435 1326 3510 avehi.

141 3566 229 3640 ΜΕ.
242 3567 280 3639 S.
296 3567 439 3664 Jupiter
453 3590 624 3663 supreme,
639 3591 736 3639 serva
748 3570 823 3639 me!

680 3690 783 3762 MEs.
803 3689 906 3776 Quid
921 3689 1074 3762 clamas?
1102 3689 1187 3783 quin
1204 3689 1324 3759 taces?

202 3871 226 3901 v.
243 3853 309 3900 1004.
326 3851 400 3914 Roga,
415 3852 460 3899 ult.
474 3852 529 3910 syll.
545 3852 630 3912 corrip.
648 3853 738 3915 [Supra
751 3853 818 3913 oto]
851 3854 917 3901 1010.
934 3853 1065 3908 Tarentum,
1081 3848 1258 3908 conliquescit.

184 3973 270 4026 1005.
311 3963 366 4022 Eu
385 3962 437 4022 tibi
451 3983 547 4021 corten
564 3963 709 4022 Menoeclr-
762 3964 847 4022 ‘The
870 3963 973 4042 proofs
995 3981 1083 4038 agree
1107 3959 1272 4036 admirably
1294 3982 1326 4018 so

138 4060 229 4138 111οὲ]
279 4058 394 4116 Eadem
429 4057 609 4116 constructio
644 4078 710 4136 quae
760 4057 823 4114 far!

140 4158 243 4235 Supra
256 4152 325 4224 966.
342 4163 372 4211 et
386 4153 503 4230 Prolog.
518 4160 564 4211 43.
586 4173 635 4230 qu.
650 4152 709 4211 vid.

803 4216 884 4268 1012.
925 4204 1042 4283 Jupiter
1068 4223 1207 4280 supreme,
1241 4224 1324 4261 servo

180 4257 269 4310 1008.
305 4247 424 4327 Optume
435 4267 524 4326 usque
537 4246 632 4306 adhuc
646 4269 710 4306 eon·
1028 4302 1034 4315 ,
1317 4301 1323 4313 .

762 4306 831 4384 mc]
873 4303 1055 4364 Exclamatro
1088 4302 1238 4378 frequens,
1273 4301 1324 4358 ub1

139 4347 258 4406 ueniunt
279 4343 396 4422 signo]
