3084 5017
550 453 602 516 IN
632 453 960 518 MENAECHMEI.
1260 460 1325 522 135

232 661 279 723 7⁵.
309 646 391 721 Abs
409 645 489 739 te.]·
522 658 764 728 1111183159.
807 656 876 715 Ter.
892 658 970 716 Eun.
987 656 1021 712 V.
1037 675 1069 714 ιι.
1084 664 1130 715 44.
1173 655 1329 716 “Abistoc

173 777 230 836 tibi
251 775 410 840 cauendum
430 775 597 852 intellego.'’

233 939 281 1007 76.
319 927 552 1029 Obloquere.]
602 937 670 997 Vid.
696 939 779 998 Nou
804 939 891 998 Cure.
913 913 960 998 41.
1002 938 1208 1018 “Obloquere?
1240 941 1329 999 etiam

172 1074 255 1123 taces
265 1065 302 1120 ?'’

231 1256 283 1267 —
314 1207 515 1304 chodito.]
552 1219 669 1281 Knoolc
691 1223 758 1281 out.
778 1175 784 1184 Ι
802 1219 956 1278 'Euromo
997 1223 1116 1284 curcul.
1138 1230 1204 1293 393.
1251 1225 1330 1280 “An

172 1345 243 1404 auls
267 1365 374 1423 quassa
397 1364 466 1403 cum
490 1344 588 1403 cinere
612 1341 740 1421 ecfosrus
761 1344 844 1411 siet,”
869 1345 1011 1424 (oculus.)
1054 1345 1115 1404 Ubi
1139 1345 1177 1405 de
1203 1344 1330 1404 Unooulo

170 1458 308 1537 parasito
340 1478 436 1517 sermo
466 1467 518 1516 est.
568 1457 675 1516 Catuli.
698 1455 754 1535 Ep.
770 1457 884 1542 CVIII.
933 1457 1089 1538 “Effossos
1120 1459 1216 1518 oculos
1245 1472 1331 1520 voret

172 1584 239 1634 atro
253 1583 376 1652 gutture
390 1573 524 1631 corvus.''
567 1571 635 1630 Ter.
650 1571 730 1629 Eun.
747 1571 800 1632 IV.
815 1590 859 1630 vr.
874 1581 901 1631 2.
944 1572 1060 1632 “Oculi
1074 1573 1116 1631 illi
1131 1572 1329 1653 effodiuntur?

172 1685 261 1762 Virg.
275 1683 342 1741 AEn.
359 1681 479 1741 111.6s
522 1681 687 1739 “Luminis
708 1680 833 1760 ffossil'
873 1681 936 1758 (De
950 1683 1105 1761 Cyclope.)

229 1906 281 1918 -
306 1858 460 1931 Oculum
483 1852 693 1956 persolum.]
741 1862 803 1945 My
819 1867 896 1946 only
913 1883 976 1945 eye.
1023 1869 1142 1928 Luscus
1161 1870 1242 1929 enim
1260 1869 1328 1928 fuit.

172 1990 333 2058 Persolum,
347 1988 437 2067 piane
450 1998 481 2048 et
494 1988 616 2048 omnino
630 1989 736 2057 solum,
751 2000 782 2048 et
794 2007 830 2048 eo
841 1990 985 2050 nimirum
999 1994 1151 2052 cariorem.
1181 1990 1327 2073 [Theocr.

154 2099 219 2158 id.
240 2099 295 2158 XI.
315 2105 362 2158 53·
403 2099 461 2155 Ka}
490 2098 548 2156 rdu
574 2099 614 2156 ἕν’
645 2099 831 2177 ὀφθαλμόν,
862 2105 904 2158 ‘tsi
930 2128 977 2172 μοι
1006 2105 1216 2183 γλυκερώτερον
1243 2108 1328 2167 aiii».

171 2210 252 2270 vide
271 2211 361 2270 etiam
381 2212 465 2270 Infra
484 2219 551 2282 593.
574 2222 605 2273 et
623 2213 700 2272 conf.
721 2213 831 2272 Pseud.
850 2213 937 2294 502]
984 2214 1079 2275 Jocus
1097 2218 1229 2296 vulgaris
1247 2220 1329 2300 apud

172 2323 320 2382 Nostrum
339 2322 453 2382 Luscus
470 2323 501 2380 in
521 2343 639 2382 iconam
656 2323 801 2401 proferre,
824 2324 877 2401 qui
891 2322 978 2402 facie
999 2326 1093 2405 magis
1109 2348 1194 2406 quom
1202 2327 1329 2407 facetiis

171 2442 291 2504 ridiculi
309 2443 492 2504 riderentur.
534 2443 598 2508 Mil.
614 2444 651 2504 G.
669 2452 752 2514 1291.
795 2442 906 2516 “Quid
929 2445 1017 2504 oculo
1036 2446 1150 2506 fuctum
1168 2459 1213 2507 est
1230 2451 1327 2509 tuo?”

169 2567 238 2630 sqq.
280 2552 365 2623 Inde,
384 2553 456 2631 quis
470 2552 643 2612 infimorum
658 2564 722 2612 erat
738 2552 895 2612 hominum
914 2554 969 2613 hos
983 2554 1117 2625 irridere,
1136 2555 1179 2615 ait
1196 2557 1326 2629 Persius,

169 2670 246 2750 (Suo
261 2671 286 2730 Ι.
302 2673 383 2749 118.)
397 2670 696 2748 commigratione,
712 2679 732 2705 “
741 2669 899 2739 Sordidus,
913 2679 944 2728 ot
956 2670 1041 2728 lusco
1054 2669 1107 2748 qui
1120 2671 1214 2748 possit
1227 2673 1327 2733 disere

169 2784 321 2844 huson!”

229 2946 275 3005 77.
324 2929 487 3004 Verbum
511 2926 657 3021 ullum]
708 2943 791 3001 Infra
810 2940 877 3002 613.
922 2939 1038 2998 Eodem
1060 2958 1148 2999 sensu
1172 2961 1233 3019 quo
1255 2929 1324 3002 Ter.

167 3059 267 3120 Andr.
283 3060 324 3118 ΙΙ.
340 3077 383 3119 rv.
398 3068 425 3119 8.
468 3067 488 3095 “
497 3061 661 3139 Nunquam
673 3058 763 3118 hodie
778 3069 879 3118 tecum
892 3065 1145 3116 commutaturum
1160 3079 1247 3116 unum
1261 3072 1324 3118 esse

168 3171 314 3230 uerbum.”
356 3173 400 3231 lb.
417 3173 440 3230 Ι.
456 3190 492 3230 11.
507 3179 534 3238 7.
576 3173 770 3250 “Nunquam
789 3170 930 3247 cuiquam
947 3178 1083 3227 nostrum
1099 3168 1214 3227 uerbum
1227 3170 1324 3231 fecit.”

169 3281 386 3342 nd.1.11.55.
428 3279 525 3342 “Jam
546 3282 571 3341 si
588 3280 703 3342 uerbum
726 3279 814 3339 ullum
833 3280 1051 3358 posthac...!’'
1092 3274 1141 3339 Sic
1159 3281 1324 3342 Asin.601.

171 3394 327 3454 “Verbum
341 3416 413 3456 cavo
426 3397 512 3466 faxis,
528 3395 682 3466 verbero,”
700 3393 767 3472 (ie.
783 3395 862 3453 Cave
875 3395 913 3452 ab
927 3392 1107 3472 importunis
1123 3392 1192 3453 istis·
1201 3395 1325 3472 verbis)

169 3510 253 3570 nod.
271 3517 355 3570 1018.
397 3519 417 3580 ‘.‘
427 3510 459 3568 Si
486 3509 653 3588 proetsrhuo
681 3508 796 3567 uerbum
824 3529 912 3566 unum
940 3507 1018 3566 faxis
1044 3507 1150 3570 hodie:
1184 3530 1242 3587 ego
1268 3509 1323 3568 tibi

51 3661 54 3666 -
165 3621 359 3682 conminuom
380 3624 497 3700 caput?
549 3687 552 3694 ,
598 3649 600 3654 v

226 3797 272 3857 78.
323 3777 457 3871 Clam]
505 3791 590 3849 Cum.
615 3812 711 3850 accur.
762 3792 875 3870 Amph.
896 3788 975 3850 Prol.
1002 3799 1066 3858 107.
1114 3793 1208 3852 Clum‘
1221 3794 1323 3855 uirum.

165 3915 240 3975 Aur
254 3915 334 3976 Prol.
349 3923 376 3982 7.
408 3915 493 3976 Ciam
504 3934 609 3986 ornnes,
624 3918 677 3976 &o
707 3917 799 3975 Mero
814 3923 879 3976 535.
909 3916 986 3974 Cum
1000 3935 1060 3974 acc.
1074 3917 1175 3976 stobi·
1206 3919 1325 3990 “Emts

163 4035 213 4085 est
232 4023 329 4087 arnico
349 4023 425 4084 clam
447 4043 561 4082 uxorem
582 4034 613 4083 et
633 4023 708 4082 olum
717 4022 814 4103 filio?

223 4219 277 4237 --
312 4169 555 4271 Sepulcrum]
603 4182 651 4242 De
682 4181 731 4242 die
767 4182 847 4242 enim
873 4179 1043 4276 sepeliendo,
1078 4183 1165 4264 qussi
1195 4197 1322 4260 nortus,

163 4308 314 4387 loquitur.
355 4306 618 4377 Vid.1nfrs394·
807 4296 809 4300 ’
