3084 5017
525 501 576 563 IN
602 501 928 567 MENAECHMEI.
1224 505 1289 567 205

205 712 289 765 1050.
336 695 589 790 Praeconium]
638 712 742 770 Gnou.
764 712 849 772 Lect.
872 712 969 770 Plaut.
994 687 1291 770 '’Praecoaiumdore

145 818 245 888 alicui,
269 830 313 877 est
335 818 481 898 praeconis
501 840 612 878 munus
633 831 663 879 et
682 840 804 898 operam
830 821 918 880 alicui
945 820 1092 898 delegare.
1134 821 1189 879 Est
1213 822 1292 880 enim

146 948 204 985 vox
227 948 280 986 sua
299 938 405 986 natura
426 928 581 1005 adjectiva,
604 940 672 989 uta
693 951 795 1009 caupo,
814 929 981 1010 coeponius,
1001 941 1031 989 et
1049 930 1295 1009 significationem

145 1040 236 1098 habet
263 1060 319 1118 pro
351 1040 502 1099 intellecto
532 1043 726 1101 substantivo.
773 1042 953 1102 Proeconium
985 1037 1056 1102 scil'
1077 1065 1180 1102 munuc
1212 1045 1291 1115 dare,

145 1150 270 1208 deferre.
299 1150 360 1208 Cic.
372 1151 435 1208 Att
446 1149 538 1207 XIII.
556 1159 599 1210 12.
622 1149 843 1229 “Ligarianam
857 1152 997 1230 praeclare
1010 1153 1191 1226 vendidisti3
1210 1163 1293 1233 post·

143 1260 200 1320 hac
214 1260 359 1339 quicquid
372 1262 526 1339 scripsero,
542 1260 595 1318 tibi
611 1260 790 1340 proconiom
813 1259 967 1339 deferam?
977 1271 1014 1297 “·
1037 1263 1132 1322 Vocat
1144 1264 1165 1321 J
1166 1285 1216 1323 uv.
1232 1266 1291 1324 Sat.
1310 1297 1312 1302 .

144 1370 275 1429 v11.10.
317 1378 337 1404 “
348 1367 529 1427 Commissum
550 1368 736 1439 auctionem,”
761 1369 832 1447 quia
851 1372 981 1448 praeconi
1003 1372 1208 1430 committitur.

205 1594 288 1645 1051.
337 1578 413 1651 Dle
439 1575 614 1677 septimi]
656 1591 825 1672 Ἀρχαῖχῶε
839 1610 894 1674 P.¹'⁰
907 1588 967 1647 Die
979 1587 1097 1667 septimo
1104 1610 1117 1654 ;
1142 1589 1292 1648 Dixerunt

146 1698 225 1756 enim
248 1699 327 1758 vett.
355 1698 415 1758 Dic
438 1700 570 1773 crastini,
594 1713 624 1760 et
647 1701 693 1759 die
715 1699 851 1768 crastino,
878 1698 924 1758 die
948 1698 1042 1777 quinti
1065 1709 1095 1758 et
1117 1697 1163 1756 die
1186 1698 1291 1777 quinte,

145 1834 180 1874 ac
207 1814 313 1873 simill:
350 1815 446 1873 Persa.
467 1823 533 1883 257.
580 1818 778 1877 “Mercatum
804 1815 881 1873 dixit
906 1814 952 1872 dic
978 1834 1041 1872 esse
1067 1811 1206 1892 septimi?
1245 1815 1291 1871 A:

146 1928 258 1987 Garun:
278 1927 317 1984 X.
331 1937 381 1988 24.
416 1927 500 1987 ”Die
524 1928 617 2008 quinti
637 1950 693 2008 pro
718 1929 861 1988 adverbio
887 1928 1024 2007 copulate
1048 1926 1161 1986 dictum
1184 1935 1238 1994 est,
1263 1937 1293 1985 et

143 2040 270 2098 reconda
293 2040 324 2097 in
348 2060 379 2098 eo
401 2038 465 2119 cyil.
489 2048 653 2120 σοντερία.α
693 2038 790 2119 [Vide
812 2041 843 2098 in
866 2040 952 2099 Nott.
975 2039 1082 2117 Critt]
1122 2038 1202 2095 Turn
1222 2038 1294 2097 citat

145 2152 277 2211 solennia
304 2152 441 2211 Praetoris
468 2154 568 2222 verba,
599 2152 658 2211 Die
686 2151 764 2211 Noni
792 2153 864 2231 Pop.
893 2152 973 2211 Rom.
1002 2149 1085 2216 Quir.
1117 2148 1290 2227 Compitalia

145 2270 248 2320 crunt:
277 2262 365 2321 ”Ubi
388 2261 435 2320 die
458 2261 525 2321 noni
551 2274 660 2341 praetor
680 2263 762 2332 dicit,
785 2282 845 2321 non
866 2262 913 2321 die
933 2282 1012 2320 nomo.
1052 2262 1162 2340 Neque
1181 2272 1292 2340 praetor

146 2374 242 2432 solum
269 2374 322 2433 sed
347 2375 489 2453 pleraque
517 2375 612 2432 omnis
638 2384 768 2433 vetustas
793 2374 835 2434 sic
862 2375 961 2433 locuta
986 2383 1040 2431 est.
1081 2372 1188 2432 Caecil:
1212 2374 1292 2433 Hist.

147 2486 214 2544 Lib.
230 2486 272 2543 II.
315 2486 401 2545 “Die
429 2484 521 2565 quinti
551 2488 648 2547 Romoe
682 2485 790 2545 curabo
817 2485 869 2545 tibi
900 2505 979 2543 coeno
1012 2484 1050 2542 sit
1080 2487 1187 2543 cocto.”
1234 2484 1293 2542 Dic

141 2596 263 2677 pristini
284 2618 404 2676 quoque
422 2599 526 2658 eodem
544 2597 634 2656 modo
652 2598 824 2657 dicebatur:
853 2596 936 2674 quod
949 2596 1135 2673 significabat
1150 2595 1197 2653 die
1211 2595 1291 2674 prir-

144 2710 204 2770 tino
222 2709 277 2769 ie.
294 2712 402 2789 priore.
442 2715 543 2789 Atque
562 2713 634 2772 item
653 2712 741 2770 simili
760 2712 857 2789 figura
874 2710 920 2770 die
938 2710 1060 2769 crastini
1081 2711 1186 2789 [Nost.
1202 2713 1291 2771 Most

145 2823 231 2902 881.]
257 2823 420 2882 dicebatur.
446 2823 503 2881 i.e.
528 2822 655 2881 crastino
678 2822 733 2881 die.
780 2820 952 2881 Sacerdotes
979 2833 1099 2899 quoque
1126 2841 1194 2881 curn
1221 2842 1291 2881 con-

144 2936 249 2994 dicunt
269 2935 301 2992 in
324 2934 404 2993 diem
427 2935 558 3003 tertium,
585 2933 658 2992 diem
682 2931 837 3013 perendmi
863 2932 975 2990 dicunt.
1016 2931 1064 2989 Ita
1090 2933 1133 2989 Μ.
1158 2931 1232 2990 Cato
1258 2933 1290 2989 in

144 3045 276 3105 oratione
299 3055 401 3105 contra
424 3044 550 3103 Furium
573 3043 619 3102 die
637 3044 763 3123 proximi
785 3044 893 3102 dixit.“
941 3042 1021 3101 Citat
1043 3043 1156 3101 Lean:
1184 3043 1216 3100 in
1235 3044 1290 3103 loc.

145 3156 274 3215 Mostell.
294 3156 380 3213 Non:
405 3156 478 3232 Cap.¹
492 3154 536 3212 11.
558 3152 624 3213 650.
655 3157 672 3178 ”
682 3154 823 3223 Proximi,
853 3154 870 3211 i.
879 3173 904 3211 e.
924 3152 1079 3232 proximo:
1108 3175 1143 3213 ea
1161 3154 1290 3213 declina-

145 3270 225 3328 tione
252 3267 438 3325 aveteribus
464 3276 495 3324 et
521 3265 652 3335 crastini,
676 3276 706 3324 et
730 3264 859 3343 pristini,
884 3275 914 3324 et
936 3262 1121 3342 propriatim
1143 3264 1290 3323 dictum.“

53 3415 59 3429 ·
147 3381 337 3458 Intelligitur,
366 3379 422 3455 (ait
442 3379 572 3457 (lucrm)
599 3378 631 3436 in
654 3378 700 3437 his
724 3378 862 3436 omnibus
888 3378 1066 3437 ἐλλείπτικαῖς
1086 3377 1125 3433 το*
1145 3376 1234 3443 solim
1257 3389 1290 3436 ut

146 3494 262 3570 integre
283 3491 330 3560 sit,
356 3488 415 3547 Die
437 3488 549 3568 septimi
572 3488 648 3548 solis.
673 3492 725 3548 &c

204 3705 288 3757 1052.
336 3686 449 3760 Mane
473 3684 646 3785 septimi]
689 3692 741 3753 On
765 3692 819 3754 tlte
840 3693 995 3770 morning
1015 3691 1055 3773 os
1072 3692 1125 3753 tlte
1146 3694 1287 3755 ceremth.

146 3814 183 3870 A.
199 3810 280 3868 Hirr.
294 3809 369 3869 Bell.
383 3808 450 3867 Afr.
465 3809 538 3887 Cap.
553 3816 598 3867 42.
640 3807 772 3879 “Quum
791 3806 899 3865 milites
917 3828 934 3864 a
953 3826 1035 3864 mone
1052 3805 1109 3864 diei
1126 3804 1182 3865 'sub
1200 3807 1289 3865 armis

146 3923 321 3984 stetissent.''
362 3921 439 3980 Vide
459 3921 490 3978 in
510 3940 573 3979 voc.
594 3919 721 3998 praeced.

202 4160 252 4173 -
298 4112 419 4203 Sane]
479 4115 623 4178 Wittoot
637 4115 716 4198 soit.

110 4397 114 4403 ¹
206 4338 288 4389 1053.
338 4319 534 4415 supellex]
588 4328 634 4387 De
654 4327 710 4386 hac
730 4347 802 4385 voce
823 4324 902 4385 Vide
924 4324 1020 4401 Supra
1040 4332 1105 4384 313.
