3084 5017
692 478 742 539 M.
767 477 805 540 A.
831 477 1011 540 PLAUTI

367 679 516 764 Prandi,
542 680 673 775 potavi,
700 689 852 752 scortum
878 679 1040 765 adcubui,
1068 679 1199 754 abstuli

367 805 488 892 Hanc,
514 810 640 903 quojus
664 805 765 880 heres
791 832 975 904 nunquam
1001 808 1069 881 erit
1094 818 1174 906 post
1200 805 1297 881 hunc
1322 806 1424 879 diem!

268 930 341 1004 PE.
367 929 517 1027 Nequeo
543 956 619 1027 quae
643 929 802 1028 loquitur
827 931 995 1005 exaudire
1021 931 1231 1005 clanculum.
1389 944 1437 995 38⁰

367 1056 481 1130 Satin’
505 1082 601 1130 nunc
623 1057 781 1155 loquitur
807 1058 851 1132 de
876 1085 934 1133 me
959 1072 996 1133 et
1019 1060 1063 1133 de
1086 1060 1180 1156 parti
1205 1060 1309 1130 mea?

269 1184 355 1257 ΜΕ.
369 1183 441 1258 Ait
466 1182 558 1256 hanc
581 1182 719 1258 dedisse
743 1211 801 1259 me
827 1186 905 1272 sibi,
932 1160 1038 1282 atque
1065 1211 1142 1258 eam
1167 1211 1254 1259 meae

364 1307 484 1381 Uxori
508 1310 733 1406 subripuisse.
786 1309 966 1396 Quoniam
992 1310 1106 1383 sentio

365 1436 517 1524 Errare3
546 1435 734 1532 extemplo,
761 1436 861 1532 quasi
885 1460 940 1508 res
966 1461 1045 1509 cum
1071 1461 1112 1508 ea
1137 1446 1228 1509 esset
1252 1432 1351 1520 mihi,

367 1564 466 1661 Coepi
492 1562 689 1637 adsentari:
715 1560 846 1634 mulier
871 1560 1047 1658 quidquid
1072 1560 1221 1645 dixerat,

366 1687 469 1763 Idem
495 1715 561 1788 ego
585 1688 755 1762 dicebam.
807 1687 942 1760 Multis
967 1687 1055 1785 quid
1077 1688 1191 1760 verbis
1216 1688 1347 1784 opust?

365 1814 511 1890 Minore
534 1839 710 1912 nusquam
735 1815 826 1887 bene
851 1811 906 1885 fui
931 1811 1126 1911 dispendio.

267 1941 337 2012 ΡΕ.
364 1938 490 2014 Adibo
514 1938 716 2025 hominem3
743 1963 828 2011 nam
854 1940 996 2043 turbare
1024 1938 1148 2033 gestio.

267 2066 352 2140 ME.
368 2065 462 2152 Quis
478 2067 538 2140 hic
554 2078 618 2151 est,
637 2066 698 2164 qui
715 2063 883 2139 advorsus
898 2066 928 2137 it
945 2063 1063 2137 mihi?

1054 2187 1128 2259 Pn.
1147 2186 1249 2273 Quid
1264 2188 1325 2272 ais,
1342 2185 1433 2258 homo
1501 2137 1502 2209 i

364 2318 494 2391 Levior
519 2342 624 2414 quam
649 2316 783 2414 plume,
809 2341 971 2413 pessume
997 2325 1033 2389 et
1058 2316 1295 2412 nequissume‚
1385 2323 1433 2387 39⁰

365 2441 568 2539 Flagitium
593 2441 759 2527 hominis,
786 2440 942 2527 subdole,
969 2466 1009 2514 ac
1033 2440 1187 2513 minumi
1211 2439 1331 2537 preti?

365 2564 469 2651 Quid
493 2564 538 2638 de
560 2577 597 2640 te
620 2568 745 2652 merui,
772 2591 843 2664 qua
867 2591 925 2640 me
950 2592 1054 2641 causa
1079 2566 1268 2663 perderes?

363 2688 424 2764 Ut
449 2690 655 2788 subripuisti
679 2701 716 2764 te
740 2689 831 2763 mihi
857 2690 994 2764 dudum
1021 2689 1066 2765 de
1090 2689 1183 2762 foro!

366 2812 503 2888 Fecisti
529 2813 636 2889 funus
660 2841 718 2889 me
743 2818 890 2891 absente
915 2816 1073 2912 prandio.

365 2916 441 3015 Cur
466 2966 571 3014 ausus
597 2941 720 3026 facere,
746 2942 830 3038 quoi
856 2967 921 3039 ego
947 2965 1044 3049 aeque
1069 2938 1169 3013 heres
1195 2937 1317 3011 eram?
1386 2944 1433 3008 395

324 3152 347 3183 v.
361 3136 414 3186 878.
429 3135 534 3183 Scortum
541 3153 551 3195 ‚-
566 3144 590 3184 et
603 3138 656 3195 384,
673 3138 731 3185 Cum
738 3156 747 3195 ,·
763 3153 812 3186 non
826 3136 969 3197 liquescunt.
998 3137 1051 3183 388.
1066 3135 1139 3183 Adibo
1148 3136 1172 3182 d.
1196 3132 1287 3194 [Supra
1300 3133 1353 3179 27⁶2.
1372 3125 1435 3175 Stich.

265 3212 319 3259 225.
329 3212 383 3261 Ter.
394 3211 492 3259 Phorm.
499 3213 537 3260 II.
547 3215 629 3261 111.28.
637 3222 660 3261 et
669 3216 707 3263 55.
722 3214 789 3261 lnsra
798 3215 851 3271 710,
863 3213 903 3261 Ibo
912 3215 943 3261 ad
954 3214 1063 3260 hominem
1074 3209 1174 3259 valetid.
1185 3226 1226 3268 qu.
1238 3210 1311 3257 Adibo
1317 3199 1434 3260 bominem]

268 3282 341 3342 Vulg.
355 3291 379 3333 et
392 3284 428 3331 B:
444 3285 519 3331 Adibo
533 3285 568 3332 nd
583 3287 700 3335 hominem.
729 3288 782 3335 889.
796 3286 829 3335 It.
843 3288 879 3336 B:
892 3292 931 3347 fit.
946 3288 1006 3335 Mss.
1020 3288 1060 3334 sit.
1076 3284 1170 3347 [Litera
1183 3301 1194 3332 s
1209 3284 1280 3343 plane
1291 3298 1321 3331 ex
1335 3281 1378 3330 ult.
1390 3274 1436 3335 syll.

266 3358 318 3478 Q
327 3358 434 3487 aguam
442 3354 468 3404 in
477 3373 559 3406 vocem
569 3359 699 3417 proximem
707 3360 843 3422 translata]
876 3362 928 3410 391.
944 3362 1086 3421 Flagitium,
1102 3373 1149 3406 non
1159 3357 1278 3418 liquescit.
1307 3358 1359 3405 394.
1374 3350 1435 3402 Med·

356 3431 429 3478 uoid.

308 3588 374 3651 390.
408 3579 514 3640 Levior
524 3602 608 3661 quam
617 3582 744 3662 pluma]
758 3584 832 3644 Pro-
871 3642 874 3649 ,
923 3595 990 3658 394.
1031 3584 1139 3673 Fecisti
1142 3583 1269 3663 fanus]
1308 3585 1365 3642 Pro
1377 3580 1434 3639 sim-

268 3678 406 3738 verbialis
438 3678 558 3738 locutio.
612 3680 692 3738 Citat
719 3681 832 3740 Lama:
882 3683 964 3762 plici,
999 3679 1146 3761 coaffecisti
1168 3678 1336 3758 prandium.
1374 3671 1434 3734 vid.

270 3772 384 3831 Poenul.
397 3773 464 3833 681.
884 3777 982 3855 Supra
1001 3783 1047 3842 78.

268 3885 285 3907 “
295 3884 319 3933 Si
325 3885 383 3945 quid
387 3886 448 3934 bene
454 3884 534 3944 sacius,
541 3886 694 3945 leviorplumc
700 3894 735 3935 ost
742 3886 816 3947 gratia
825 3907 831 3947 ;

296 3956 388 4017 Siquid
403 3967 529 4018 peccatum
545 3965 587 4013 est,
602 3958 776 4020 plumbeasiras
792 3974 832 4018 ge·
920 3940 987 4003 395·
1028 3930 1246 4011 AEq'uehem]
1281 3922 1435 3989 ‘Asmuch

327 4032 407 4079 runt.”
882 4025 932 4084 the
947 4026 1013 4086 heir
1030 4047 1061 4085 as
1079 4026 1230 4104 yourself?
1269 4026 1365 4084 Bothe
1380 4024 1434 4081 lau-

271 4118 406 4182 cicuta
419 4126 509 4184 VIII.
525 4134 570 4185 15.
596 4127 748 4183 “Necme
763 4143 833 4183 con·
883 4123 934 4181 dat
953 4123 1050 4201 Lipsii
1071 4122 1198 4200 Antiqq.
1232 4122 1434 4182 Lectt.II.18.

271 4211 349 4271 sules
365 4228 494 4287 movent,
515 4218 568 4296 qui
587 4218 646 4296 ipsi
661 4215 761 4295 pluma
776 4218 834 4275 'aut
884 4220 1023 4279 ''Funeri
1052 4221 1134 4299 justa
1159 4230 1194 4278 ut
1220 4220 1301 4291 fiant,
1334 4213 1435 4278 heredis

260 4306 339 4387 solio
348 4309 475 4388 facilius
494 4315 677 4373 moventur.’'
885 4313 998 4373 curatio
1012 4322 1064 4372 est.
1105 4312 1176 4371 Huc
1189 4314 1348 4392 respiciens
1360 4327 1434 4391 pera·
