3084 5017
625 460 673 523 M.
699 460 742 522 A.
769 459 952 527 PLAUTI

297 651 358 724 Ite
381 661 435 725 est
461 651 666 725 adulescens
691 655 789 750 ipsus
812 679 898 752 eseae
920 680 1115 728 maxumae:

299 777 453 883 Cerealis
479 802 594 851 coenas
619 777 703 851 dat:
729 779 783 851 ita
808 803 946 852 mensas
972 782 1136 864 exstruit,
1351 797 1392 848 25

298 898 436 973 Tantas
460 903 607 975 struices
630 903 819 975 concinnat
844 903 1060 999 patinarias:

298 1024 475 1099 Standum
500 1037 554 1099 est
578 1028 618 1098 in
644 1025 747 1111 lecto,
775 1027 805 1099 si
830 1026 920 1123 quid
945 1027 990 1100 de
1015 1052 1154 1101 summo
1178 1039 1288 1124 petus.

298 1145 371 1219 Sed
394 1146 445 1219 mi
470 1145 699 1219 intervallum
720 1149 797 1240 jam
823 1144 887 1255 lios
913 1146 989 1220 dies
1014 1146 1147 1221 multos
1172 1146 1262 1221 fuit:

298 1267 428 1356 (Domi
453 1269 610 1342 domitus
635 1267 689 1343 fui
715 1293 826 1365 usque
851 1294 932 1341 cum
956 1252 1044 1341 caris
1069 1272 1179 1376 meis:

297 1391 394 1465 Nam
414 1418 530 1489 neque
548 1392 614 1466 edo
631 1417 747 1491 neque
764 1419 855 1479 emo,
874 1394 944 1466 nisi
962 1394 1057 1490 quod
1073 1405 1128 1467 est
1144 1395 1388 1476 carissumum,

299 1515 335 1588 Ii
360 1542 499 1614 quoque
520 1521 597 1613 jam
623 1518 705 1601 cari,
732 1518 793 1615 qui
819 1518 1055 1599 instruontur,
1081 1515 1276 1610 deserunt).
1350 1532 1385 1582 31

197 1739 221 1770 v.
236 1722 319 1770 m,
336 1721 466 1770 Errantes.
497 1722 627 1781 Vulgarum
643 1721 736 1770 retinui.
754 1719 929 1783 [viderem]
967 1722 1004 1767 ³1.
1020 1720 1042 1768 lr'
1057 1737 1154 1781 quoque.
1168 1722 1206 1768 lta
1220 1720 1283 1769 Edd.
1298 1719 1390 1769 medire.

485 1797 530 1860 [lt
546 1795 685 1857 monosyll]
703 1798 738 1843 B:
758 1795 791 1844 Et
806 1812 902 1857 quoque.
918 1797 949 1843 V.
967 1795 996 1843 ld
1011 1812 1108 1856 quoque.

237 1955 284 2005 24.
326 1946 411 2006 Esooe
428 1948 594 2025 maxuma]
616 1946 720 2005 ‘Fond
733 1947 769 2004 of
815 1948 1041 2024 tanquamferu,
1057 1946 1214 2006 cumcarr's
1223 1945 1300 2005 meis.
1323 1946 1388 2004 Hos

197 2042 277 2119 good
291 2041 408 2119 living,’
426 2043 474 2101 vel
491 2045 544 2121 qui
564 2064 662 2103 escum
682 2044 765 2122 large

197 2139 322 2214 praebet,
343 2136 464 2215 ‘Keeps
484 2159 502 2196 a
521 2138 601 2217 good
621 2138 718 2197 table?

237 2274 284 2325 25.
327 2266 458 2325 Cerealis
479 2288 575 2326 coenar
595 2268 675 2349 dat]
704 2268 724 2327 i.
739 2290 764 2328 e.

198 2361 335 2439 opiparas
348 2371 379 2421 et
388 2362 491 2421 multis
501 2363 622 2422 ferculis
631 2364 764 2424 refertas.

198 2455 280 2514 Nam
294 2455 467 2516 Cerealibus
478 2456 612 2516 solebant
620 2458 710 2536 genio
719 2458 765 2516 in-

91 2553 95 2560 '
197 2549 323 2628 dulgere
336 2560 367 2609 et
380 2552 503 2629 opipare
517 2552 640 2630 epulari.
662 2553 765 2613 ΕΔΜ».

235 2673 283 2735 26.
328 2675 441 2733 Tantas
458 2676 610 2755 struices]
641 2678 767 2737 Senten-

196 2770 239 2829 tia
259 2782 313 2840 est,
336 2791 435 2830 coenas
457 2772 542 2831 illum
565 2773 661 2832 lautus
687 2773 767 2843 dare,

195 2885 312 2925 mensas
332 2867 513 2926 cumulando
533 2868 654 2927 ferculis
672 2869 767 2947 pluri-

196 2961 263 3031 mis,
285 2973 316 3020 et
338 2963 424 3040 quasi
441 2962 500 3021 alte
514 2963 631 3041 patinas
651 2974 767 3023 exstru-

196 3056 287 3114 endo:
320 3057 410 3115 Fncc.
438 3057 576 3118 Eundem
605 3060 767 3137 imaginem

196 3151 339 3228 exprimit
359 3154 468 3211 Noster
489 3154 688 3223 Mnssrnenrr,

197 3265 212 3285 '¹
223 3261 274 3309 The
283 3261 360 3310 dishes
366 3278 427 3310 were
435 3263 523 3320 ranged
532 3278 577 3311 one
586 3279 652 3322 upon
661 3263 766 3318 another,

225 3328 261 3375 As
275 3329 452 3386 woodmongers
466 3328 497 3375 do
511 3328 616 3376 billets.’'

389 3402 443 3463 co,
455 3403 559 3449 maram.
575 3403 630 3451 Act.
640 3403 677 3450 11.
693 3404 734 3451 Sc.
745 3405 767 3451 1.

236 3523 283 3585 29.
324 3512 411 3571 Domi
424 3511 574 3591 domitus]
595 3514 694 3571 Vertit
706 3514 765 3571 lnt.

197 3609 333 3669 Britann.

211 3707 218 3726 ‘
231 3704 334 3761 Homely
345 3702 395 3750 I've
408 3700 471 3749 lived
480 3708 506 3747 st
518 3700 587 3748 home
596 3701 653 3749 with
662 3717 703 3759 my
712 3702 768 3751 dear

255 3774 351 3830 friends,

232 3843 277 3891 For
291 3844 324 3891 all
340 3843 352 3890 I
367 3850 407 3890 eat
421 3857 447 3889 or
461 3843 510 3899 buy
524 3842 544 3889 is
559 3842 615 3889 denr
631 3848 654 3889 to
668 3843 724 3890 me.'

197 3938 239 3996 Et
252 3936 376 4004 confert,
391 3936 535 4002 Mrurou,
556 3935 683 3994 Comus:

212 4050 227 4070 “
240 4047 265 4094 lt
273 4046 293 4095 is
302 4046 337 4094 for
346 4046 431 4105 honuly
442 4053 559 4094 creaturos
568 4054 592 4094 to
602 4046 662 4106 keep
674 4048 741 4107 home,

236 4114 303 4173 They
317 4114 364 4163 hed
377 4113 439 4161 their
452 4128 521 4161 name
536 4113 675 4163 thence-‚³⁹

197 4190 310 4249 Sensus
335 4199 397 4259 est;
426 4188 493 4266 Ego
518 4198 665 4267 perpetuo
686 4190 767 4249 domi

197 4286 364 4355 conclusus,
376 4284 501 4365 fractus
525 4292 551 4342 et
573 4282 697 4343 mollitus
711 4284 767 4362 fui

814 2062 872 2119 pro
889 2042 990 2101 amicir
1008 2044 1200 2113 intellexeris,
1221 2053 1257 2101 ut
1270 2045 1311 2099 τά
1324 2046 1388 2121 φίλ-

817 2162 896 2193 τατα
922 2157 979 2215 pro
1007 2137 1118 2207 liberis,
1151 2138 1326 2214 parentibus
1359 2149 1389 2198 et

816 2234 930 2292 certeris
957 2234 1091 2310 cognatis
1117 2243 1294 2311 usurpatur:
1328 2233 1388 2292 Sed

815 2330 907 2399 aliud,
916 2331 994 2388 risus
1002 2350 1100 2399 ceusu,
1109 2330 1271 2407 significan
1281 2349 1388 2408 nempe

817 2449 847 2487 se
862 2448 931 2487 cum
945 2425 1029 2497 cibis,
1044 2448 1119 2505 quos
1132 2427 1201 2486 ideo
1214 2446 1299 2486 curos
1310 2447 1387 2484 nun-

818 2535 909 2605 cupat
935 2525 1007 2602 quia
1036 2546 1088 2583 suo
1111 2535 1211 2583 sumtu
1235 2534 1388 2602 parentur,

818 2620 900 2679 domi
918 2620 1194 2680 fuissedomitum:
1220 2640 1289 2679 cum
1309 2619 1390 2679 euim

818 2718 1021 2784 Parasitorum
1041 2716 1079 2775 sit
1098 2716 1194 2774 aliena
1213 2714 1327 2792 quadra
1344 2714 1389 2772 vi-

819 2830 898 2881 vere,
917 2810 1068 2878 nimirum,
1090 2809 1115 2867 si
1129 2808 1203 2887 quid
1216 2806 1291 2866 domi
1304 2827 1389 2887 para·

819 2905 926 2975 verint,
947 2901 1127 2963 carissimum
1146 2921 1266 2961 necesse
1289 2901 1389 2961 fuerit.

819 2999 858 3056 ln
867 2999 938 3057 Aul.
949 3004 1017 3065 324,
1032 2996 1130 3055 Senex
1140 3015 1303 3074 perparcus
1317 3015 1389 3054 cara

817 3114 881 3152 esse
898 3092 1014 3168 ¹omniu
1040 3091 1187 3170 queritur,
1220 3110 1280 3147 non
1307 3089 1390 3167 quod

816 3208 922 3248 revera
931 3187 974 3247 sic
986 3197 1093 3256 essent,
1109 3186 1161 3245 sed
1172 3185 1255 3264 quod
1266 3186 1390 3263 proprio

817 3292 919 3341 sumtu
940 3281 1083 3350 emende3
1111 3280 1181 3339 vide
1201 3279 1257 3338 loc.
1282 3278 1330 3338 cit
1358 3280 1389 3337 in

818 3378 914 3436 Gloss.
928 3377 1010 3435 citat
1023 3376 1128 3434 Lamb.
1142 3375 1232 3434 Lucr.
1247 3375 1285 3431 V.
1303 3382 1389 3434 1333.

832 3516 884 3564 “Si
909 3531 968 3576 quos
988 3523 1044 3563 aute
1067 3517 1128 3561 domi
1147 3516 1241 3561 domitos
1261 3513 1318 3561 satis
1339 3529 1391 3563 esse

876 3587 1015 3647 putabant.”

858 3718 906 3769 31.
945 3710 976 3767 12·
1000 3729 1109 3788 quoque
1122 3712 1191 3787 jum
1211 3708 1286 3777 cari,
1313 3709 1391 3788 ete]

820 3803 973 3881 Allcgoria
990 3824 1008 3861 a
1024 3823 1057 3861 re
1071 3803 1202 3861 militari.
1242 3802 1311 3861 Cibi
1329 3804 1390 3861 ceri

821 3918 951 3976 quoque,
966 3898 1019 3977 qui
1030 3899 1220 3957 instruuntur
1232 3899 1263 3955 in
1277 3918 1390 3968 mense,

818 4006 962 4073 tunquam
971 3994 1081 4054 milites
1094 3994 1126 4052 in
1136 3994 1209 4064 acie,
1224 3994 1391 4054 desertores

819 4093 932 4151 ordinis
946 4093 1031 4164 frunt,
1046 4105 1077 4153 et
1085 4094 1186 4154 locum
1200 4114 1289 4152 suum
1299 4093 1389 4153 relin-

819 4206 911 4263 quere
929 4186 1094 4264 incipiunt:
1118 4186 1199 4265 quod
1217 4187 1316 4246 Graeci
1334 4189 1390 4244 λεί-

819 4308 879 4339 πειν
899 4281 980 4360 τάξιν
1000 4282 1114 4341 dicunt.
1155 4282 1257 4340 LAMB.
