3084 5017
562 446 889 515 MENAECHMEI.

131 651 217 726 Mn.
234 650 316 751 Ego
333 652 416 726 faxo
430 651 611 726 referetur.

611 776 697 850 Mn.
723 774 784 885 Ex
801 803 839 851 re
857 788 931 862 tua,
957 787 1000 850 ut
1015 778 1150 874 opinor,
1176 772 1318 846 feceris:

230 903 326 978 Nam
358 903 504 978 domum
537 929 721 1001 nunquam
750 882 927 989 introibis,
966 904 1037 977 nisi
1066 901 1155 977 feres
1185 898 1317 998 pallam

376 1029 493 1102 simul.

129 1154 199 1227 Pa.
226 1152 408 1240 Ehodum,
427 1153 514 1251 quid
528 1152 620 1228 mihi
634 1153 800 1228 futurum
817 1165 882 1240 est,
901 1156 962 1253 qui
980 1155 1048 1228 tibi
1065 1150 1158 1226 hanc
1175 1174 1317 1249 operam
1350 1160 1352 1164 ’

376 1280 488 1353 dedi?
633 1302 637 1308 ¹
1261 1282 1317 1343 565

130 1402 215 1474 Mn.
228 1401 349 1502 Opera
364 1406 545 1490 reddetur,
563 1405 704 1502 quando
715 1405 803 1500 quid
818 1406 886 1479 tibi
900 1406 969 1478 erit
981 1405 1188 1500 subreptum
1202 1399 1317 1473 domo.

127 1529 202 1603 Pa.
227 1530 273 1604 Id
291 1531 433 1628 quidem
456 1530 581 1630 edepol
597 1557 781 1630 nunquam
800 1532 889 1606 erit:
915 1556 998 1604 nam
1016 1528 1109 1603 nihil
1127 1538 1192 1613 est,
1219 1524 1315 1623 quod

376 1659 533 1756 perdam,
559 1659 666 1733 domi.

227 1781 324 1856 Cum
340 1786 468 1869 virum,
494 1810 575 1859 cum
592 1810 750 1871 uxorem,
777 1785 815 1859 di
837 1806 897 1857 vos
914 1782 1086 1880 perdant!
1113 1780 1317 1878 Properabo

376 1910 422 1982 ad
446 1907 582 1983 forum:

229 2031 325 2106 Nam
353 2060 398 2107 ex
418 2034 485 2109 hac
510 2034 646 2109 familia
671 2059 729 2111 me
754 2036 860 2134 plane
886 2034 1057 2109 excidisse
1083 2032 1265 2129 intellego.

127 2155 214 2230 ΜΕ.
231 2157 333 2232 Male
349 2159 440 2231 mihi
455 2185 545 2234 uxor
562 2187 599 2234 se
615 2161 738 2235 fecisse
756 2172 886 2247 censet,
912 2186 1019 2258 quom
1038 2159 1197 2233 excludit
1213 2156 1315 2241 foras,

228 2284 344 2370 Quasi
368 2311 439 2359 nou
465 2286 625 2374 habeam,
652 2315 721 2387 quo
744 2289 977 2374 intromittar,
1001 2288 1111 2361 alium
1134 2284 1317 2385 meliorem

377 2415 505 2489 locum.
1260 2428 1314 2488 571

229 2538 268 2611 Si
286 2541 353 2613 tibi
372 2541 552 2639 displiceo,
572 2544 810 2640 patiundum3
838 2555 876 2617 at
893 2542 1057 2640 placuero
1075 2541 1159 2614 huic
1176 2539 1316 2624 Erotio,

228 2663 321 2750 Quae
333 2692 391 2741 me
405 2694 477 2741 non
491 2670 658 2745 excludet
675 2673 719 2745 ab
733 2697 780 2757 se,
800 2670 861 2744 sed
876 2668 971 2768 apud
987 2695 1024 2742 se
1035 2668 1196 2742 occludet
1209 2667 1315 2741 domi.

122 2847 147 2879 v.
161 2832 216 2880 564.
236 2831 370 2883 latrodidis.
397 2838 450 2885 565.
466 2837 578 2898 Ehodum,
590 2846 639 2889 etc.
670 2841 731 2890 Haec
746 2856 776 2889 ex
791 2840 892 2889 Acidalr
909 2839 1010 2899 conject.
1022 2840 1059 2887 V:
1078 2839 1131 2885 Mn.
1148 2838 1197 2897 Ego
1207 2841 1312 2886 domum?

237 2907 281 2955 Px.
298 2910 362 2963 Quid
376 2912 527 2960 mihi......B:
544 2913 584 2961 Eo
599 2916 697 2963 domum
712 2918 751 2975 (et
765 2916 882 2963 Munium
896 2912 1002 2973 tribuit.)
1032 2913 1085 2961 569.
1100 2912 1174 2959 Plane
1183 2913 1207 2961 d.

166 3029 233 3090 565.
276 3030 354 3096 Quid
365 3034 444 3106 milti,
458 3039 556 3118 etc.?]
587 3038 697 3099 ‘What
786 3040 852 3111 569.
893 3035 1045 3121 Excidisae
1071 3037 1229 3117 intellego]
1269 3039 1317 3097 Ita

122 3144 174 3182 am
195 3124 213 3181 1
230 3135 263 3182 to
279 3124 355 3184 have
374 3128 422 3186 for
443 3129 536 3208 doing
555 3152 617 3209 you
637 3132 697 3191 this
745 3134 820 3194 Cist.
840 3140 906 3201 227.

124 3224 241 3281 service
249 3226 273 3281 Υ
757 3247 774 3269 “
782 3243 829 3291 Hic
840 3244 903 3303 apud
914 3258 956 3291 nos
964 3242 1014 3302 jam
1024 3240 1159 3301 confregisti
1168 3240 1306 3290 tesseram.”

166 3364 253 3432 566.'
276 3370 371 3451 Opera
400 3371 564 3456 reddetur]
612 3370 697 3435 ‘The
747 3336 933 3447 Hospitium3
955 3336 1012 3447 ait,
1025 3336 1082 3445 sihi
1095 3334 1166 3394 alibi
1181 3355 1315 3413 quaeren-

746 3432 821 3491 dum
834 3443 888 3503 est,
902 3432 951 3493 hrc
965 3452 1046 3491 enim
1053 3452 1116 3511 Jam
1129 3432 1218 3509 plane
1231 3438 1314 3489 extra

747 3547 894 3585 numerum
909 3548 940 3586 se
954 3547 1017 3585 esse
1030 3526 1180 3603 intelligit

125 3469 213 3526 favor
226 3468 301 3527 shall
313 3471 353 3529 be
365 3473 518 3543 returned,
533 3473 621 3533 when
635 3494 696 3551 you

125 3565 203 3624 have
226 3566 375 3644 anything
402 3570 497 3627 stolen
518 3570 596 3628 from
619 3591 696 3648 your
911 3635 913 3637 Ι

126 3659 240 3718 house?
280 3660 372 3732 Quod
389 3661 451 3740 joci
475 3684 564 3723 causa
586 3664 637 3735 ait,
662 3675 697 3722 ut
785 3646 850 3707 570.
901 3638 1026 3715 Foras]
1075 3638 1209 3706 Minime,
1245 3657 1315 3695 cum

52 3819 55 3825 Ι
127 3749 254 3814 Parasiti
282 3756 423 3835 inopiam,
452 3758 505 3839 (de
535 3781 595 3838 qua
620 3759 695 3838 ipse,
745 3730 1106 3810 Lambinu,forislegas;
1120 3750 1190 3788 nam
1199 3740 1315 3789 tantum

125 3850 228 3928 Supra
254 3871 282 3909 v,
302 3860 351 3921 29,
379 3873 444 3930 sqq,
475 3865 598 3931 questus
624 3854 695 3933 ἐπ’)
746 3827 830 3885 abest
847 3826 974 3885 verbum
991 3824 1115 3882 excludit
1134 3835 1169 3882 ut
1184 3824 1316 3901 quietem

123 3948 216 4007 tacite
235 3948 367 4007 irrideat,
746 3920 903 3998 significet,
932 3929 967 3977 ut
992 3939 1055 3997 prae
1082 3918 1196 3977 caeteris
1222 3920 1316 3977 ferme

747 4021 850 4071 motum
873 4013 905 4069 in
926 4033 959 4071 sc
980 4012 1138 4070 contineat.
1178 4011 1316 4071 Stabitne

166 4106 233 4167 568.
276 4107 348 4166 Cum
361 4107 463 4180 virum,
477 4128 539 4168 cum
550 4110 693 4189 uxorem]
744 4109 865 4167 tandem
878 4108 929 4177 sic,
943 4108 1102 4166 exclusus?
1130 4107 1205 4178 Imo,
1221 4128 1314 4185 quan-

126 4199 227 4258 ‘Both
240 4198 379 4259 husband
392 4201 451 4259 and
466 4202 553 4260 wife!
591 4200 630 4259 ld
639 4212 694 4273 est,
745 4212 810 4260 tum
824 4210 932 4278 potest,
953 4220 985 4258 se
1004 4200 1070 4269 alio,
1094 4200 1118 4257 si
1136 4201 1223 4279 sapit,
1244 4222 1314 4260 con·

123 4302 153 4350 et
167 4295 267 4353 virum
281 4303 308 4352 et
322 4316 451 4353 uxorem„
745 4296 830 4353 feret.

1009 4409 1024 4460 Ι
