3084 5017
483 476 611 544 194
1297 472 1925 536 GLOSSARIUM

475 688 613 752 cuni,
647 667 904 744 quadam
947 664 1376 742 indignatione.
1458 663 1602 722 Aul.
1632 662 1762 723 416.
1846 672 1886 698 “
1908 662 2204 743 Condigne
2238 686 2409 725 meus
2451 687 2546 724 me
2586 666 2779 744 gallus

473 780 835 860 gallinaceus
874 775 1141 855 perdidit
1175 774 1599 853 penissume!”
1680 773 1767 831 Et
1793 793 1932 832 cum
1958 774 2147 833 ablat:
2180 774 2315 834 Cas.
2343 783 2437 834 43.
2521 774 2779 834 “Noctu

479 904 543 948 ut
583 888 861 968 condigne
899 897 954 947 te
994 891 1194 958 cubes,
1239 888 1603 947 curabitur.”

575 1064 707 1112 312.
801 1043 1181 1137 Ellebori.]
1261 1055 1422 1114 Vide
1463 1055 1638 1115 Nott.
1682 1057 1841 1115 Citat
1870 1056 2090 1116 Gnon:
2138 1057 2373 1116 Petron.
2414 1057 2609 1136 Satyr.
2637 1059 2781 1136 Cap.

479 1186 571 1236 33..
643 1186 679 1212 “⁶
699 1175 1092 1254 Chrysippus,
1120 1185 1192 1234 ut
1216 1173 1295 1233 ad
1319 1174 1728 1234 inventionem
1756 1176 2065 1244 sufficeret,
2095 1187 2185 1235 ter
2214 1176 2491 1236 helleboro
2516 1177 2781 1235 animum

475 1288 772 1348 detersit.”
872 1286 996 1347 Ubi
1040 1288 1248 1347 Gloss:
1293 1287 1514 1359 ”Quos
1556 1289 1802 1347 cerebro
1845 1289 2045 1347 minus
2086 1309 2228 1348 sano
2273 1310 2403 1349 esse
2449 1289 2782 1368 significare

479 1404 771 1472 volumus,
827 1401 900 1460 iis
952 1398 1232 1460 helleboro
1279 1421 1432 1480 opus
1484 1419 1613 1459 esse
1666 1399 1985 1458 dicimus.“
2062 1398 2243 1458 Adde
2282 1399 2532 1458 Lucian.
2614 1411 2778 1455 ΒΙΩΝ

479 1524 751 1572 mainz.
792 1523 885 1575 23.
996 1513 1085 1572 Οὖ
1138 1511 1282 1586 θέμις·
1333 1515 1592 1588 γενέσθαι
1650 1516 1852 1592 συφὸν,
1912 1514 1976 1585 ἢν
2042 1517 2120 1586 μή
2194 1515 2314 1596 τρὶς·
2391 1516 2593 1595 ἐφεξῆς·
2653 1515 2779 1573 τοῦ

463 1632 846 1708 ἐλλεβόρου
903 1633 1071 1711 πίῃς.
1155 1630 1306 1688 Hor.
1348 1631 1425 1688 A.
1443 1629 1512 1687 P.
1543 1637 1677 1689 300.
1786 1629 2068 1688 “Tribus
2116 1627 2418 1708 Anticyris
2461 1640 2641 1708 caput
2685 1629 2777 1686 in-

475 1743 786 1800 sanabile-'⁹
864 1740 907 1798 J
910 1761 1009 1799 uv.
1046 1741 1165 1800 Sat.
1196 1739 1380 1798 XIII.
1409 1747 1505 1809 97.
1590 1747 1631 1773 “
1650 1737 1713 1797 Si
1751 1757 1874 1796 non
1914 1748 2052 1817 eget
2092 1736 2433 1818 Anticyra?
2475 1741 2581 1798 sce.

587 1956 691 1964 —
792 1903 848 1978 J
849 1905 1120 2000 ugera]
1217 1916 1250 1936 ”
1268 1912 1569 1973 Dicebant
1620 1913 1779 1972 vett.
1806 1914 1997 1992 juger
2041 1912 2137 1974 vel
2161 1914 2376 1993 jugus,
2421 1925 2489 1973 ut
2529 1912 2673 1972 later
2716 1923 2780 1971 et

475 2040 631 2096 latus
647 2060 675 2104 ,⁴
719 2036 877 2096 unde
918 2036 982 2094 in
1026 2034 1315 2111 singulari
1340 2033 1627 2094 remansit
1651 2035 1889 2112 jugere,
1919 2043 1981 2093 et
2014 2033 2171 2112 plur.
2195 2036 2443 2113 jugera,
2472 2035 2772 2113 jugerum,

475 2152 627 2208 *Stes*
707 2148 925 2205 Grion:
971 2145 1139 2204 Lect-
1184 2143 1375 2202 Plaut.

571 2336 699 2392 316.
798 2320 1038 2415 Esse]
1118 2328 1218 2391 To
1264 2334 1388 2390 eat.
1472 2333 1765 2390 Comesse.
1835 2331 1987 2389 Haec
2014 2331 2252 2390 ridiculi
2280 2352 2456 2391 causa
2481 2333 2579 2392 ait.

587 2560 687 2568 —
800 2500 1186 2594 Luteum]
1267 2509 1328 2571 Y
1320 2509 1521 2572 ellow.
1582 2513 1785 2572 Prima
1812 2513 1942 2591 syll.
1970 2513 2282 2592 producta,
2315 2515 2485 2591 quasi
2513 2536 2549 2573 a
2574 2514 2724 2572 luceo
2741 2537 2760 2571 .-

475 2632 635 2692 unde
663 2640 703 2664 Η
723 2632 909 2689 Lutea
939 2628 1227 2696 Aurora‚”
1255 2626 1425 2704 Virg.
1485 2634 1526 2660 “
1543 2625 1733 2684 Lutea
1754 2624 1986 2704 pellis‚''
2014 2627 2180 2686 Pers.
2200 2629 2305 2688 8το.
2334 2627 2460 2686 Alii
2488 2630 2563 2687 ab
2588 2627 2767 2686 herba

475 2768 695 2812 crocea,
751 2744 946 2812 lutum,
991 2742 1239 2801 ducunt.
1349 2742 1571 2799 Contra
1616 2739 1820 2808 luteuS,
1871 2739 2163 2819 (muddy,)
2206 2741 2402 2818 prima
2446 2743 2636 2813 brevi,
2678 2754 2766 2802 est

471 2880 504 2916 a
543 2856 743 2924 fflllflfflj
783 2874 1038 2914 coenum.

567 3044 699 3096 313.
795 3018 1358 3111 Deliramenta]
1486 3027 1829 3091 Delio-ioue
1918 3032 2209 3111 ravings.
2357 3037 2585 3116 Amph.
2640 3047 2761 3098 531.

475 3160 511 3188 Η
535 3152 683 3208 Hfflc
711 3149 955 3228 quidem
981 3144 1358 3205 deliramenta
1386 3145 1709 3222 loquitur.''
1775 3146 1968 3205 Isidor
1990 3147 2163 3225 Orig.
2182 3147 2319 3206 Lib.
2344 3150 2420 3208 X.
2482 3153 2515 3174 ’⁹
2531 3150 2762 3210 Delirus

471 3276 667 3322 ruente
715 3261 1001 3328 defectus,
1049 3260 1169 3315 α’πὸ
1214 3258 1321 3315 τοῦ
1362 3269 1439 3327 λη
1449 3258 1590 3338 ρᾷν,
1635 3257 1731 3315 vel
1776 3259 1939 3335 quod
1978 3281 2013 3318 a
2052 3269 2214 3319 recto
2254 3261 2464 3320 ordine
2506 3274 2568 3322 et
2604 3264 2758 3342 quasi

471 3400 503 3432 fl
547 3376 663 3432 lira
691 3376 938 3432 aberret.
1021 3372 1172 3431 Lira
1219 3372 1377 3429 enim
1422 3381 1513 3430 est
1548 3370 1828 3430 arationis
1869 3392 2080 3447 genus,
2124 3392 2263 3431 cum
2298 3375 2577 3452 agricolae
2616 3352 2761 3436 facta

471 3496 731 3544 semente
774 3483 1047 3560 dirigunt
1087 3482 1299 3550 sulcos,
1346 3481 1410 3538 in
1451 3501 1603 3557 quos
1640 3479 1832 3538 omnis
1869 3501 2038 3558 seges
2064 3480 2394 3540 decurrit.“
2473 3483 2761 3545 Posterior

471 3594 828 3672 etymologia
867 3592 1083 3651 rectior
1120 3603 1226 3650 est.

571 3780 699 3840 319.
797 3761 1181 3853 Potionis]
1272 3766 1329 3828 A
1390 3767 1728 3847 draugkt3
1788 3769 1954 3829 dose.
2067 3773 2323 3852 Aliquid
2369 3778 2521 3855 quod
2566 3777 2754 3845 bibam

471 3896 667 3972 Supra
695 3896 826 3952 544.
908 3892 989 3949 H.
1017 3913 1068 3950 e.
1113 3891 1620 3950 Medicamentum
1660 3891 1922 3969 aliquod.

575 4124 675 4136 -,,.
783 4076 1158 4172 Percipit.]
1258 4082 1413 4145 Gets
1471 4079 1785 4165 complete
1834 4084 2201 4164 possession
2256 4084 2338 4167 of
2379 4086 2533 4147 him.
2616 4093 2756 4165 Quae

471 4216 559 4260 est
603 4208 691 4264 vis
735 4201 1182 4281 praepositionis.
1265 4202 1510 4261 Penitus
1550 4204 1744 4281 capit;
1791 4204 1926 4261 Ter.
1965 4204 2120 4262 Eun.
2159 4206 2230 4262 V.
2267 4225 2324 4265 v.
2353 4216 2408 4267 2.
2492 4209 2755 4287 “Neque

475 4316 596 4388 agri
651 4335 843 4390 neque
896 4313 1062 4370 urbis
1127 4313 1331 4371 odium
1394 4333 1491 4372 me
1555 4334 1820 4391 unquam
1868 4314 2172 4394 percipit.”
2281 4319 2340 4398 (''
2360 4320 2481 4380 Ubi
2541 4326 2615 4379 τό
2661 4344 2755 4403 per
