<?xml version="1.0" encoding="UTF-8"?>
<!DOCTYPE html PUBLIC "-//W3C//DTD XHTML 1.0 Transitional//EN"
    "http://www.w3.org/TR/xhtml1/DTD/xhtml1-transitional.dtd">
<html xmlns="http://www.w3.org/1999/xhtml" xml:lang="en" lang="en">
 <head>
  <title>
</title>
<meta http-equiv="Content-Type" content="text/html;charset=utf-8" />
  <meta name='ocr-system' content='tesseract 3.04.00' />
  <meta name='ocr-capabilities' content='ocr_page ocr_carea ocr_par ocr_line ocrx_word'/>
</head>
<body>
  <div class='ocr_page' id='page_1' title='image "./maplautimenaech00hildgoog_0165.png"; bbox 0 0 3084 5017; ppageno 0'>
   <div class='ocr_carea' id='block_1_1' title="bbox 519 442 1384 538">
    <p class='ocr_par' dir='ltr' id='par_1_1' title="bbox 519 442 1384 538">
     <span class='ocr_line' id='line_1_1' title="bbox 519 442 1384 538; baseline -0.009 -4"><span class='ocrx_word' id='word_1_1' title='bbox 519 471 570 536; x_wconf 85' lang='lat' dir='ltr'><strong>ru</strong></span> <span class='ocrx_word' id='word_1_2' title='bbox 600 469 925 538; x_wconf 74' lang='lat' dir='ltr'><strong>unumunurm.</strong></span> <span class='ocrx_word' id='word_1_3' title='bbox 1224 465 1290 528; x_wconf 76' lang='lat' dir='ltr'><strong>:aa</strong></span> <span class='ocrx_word' id='word_1_4' title='bbox 1382 442 1384 447; x_wconf 82' lang='grc'><strong>’</strong></span> 
     </span>
    </p>
   </div>
   <div class='ocr_carea' id='block_1_2' title="bbox 141 661 1295 857">
    <p class='ocr_par' dir='ltr' id='par_1_2' title="bbox 141 661 1295 857">
     <span class='ocr_line' id='line_1_2' title="bbox 142 661 1295 743; baseline -0.002 -22"><span class='ocrx_word' id='word_1_5' title='bbox 142 669 206 722; x_wconf 82' lang='lat' dir='ltr'><strong>tam</strong></span> <span class='ocrx_word' id='word_1_6' title='bbox 226 672 382 743; x_wconf 86' lang='lat' dir='ltr'><strong>putatur.“</strong></span> <span class='ocrx_word' id='word_1_7' title='bbox 423 665 514 724; x_wconf 78' lang='lat' dir='ltr'><strong>Facu.</strong></span> <span class='ocrx_word' id='word_1_8' title='bbox 555 664 652 724; x_wconf 83' lang='lat' dir='ltr'><strong>Oasin.</strong></span> <span class='ocrx_word' id='word_1_9' title='bbox 675 671 740 724; x_wconf 74' lang='lat'><strong>522.</strong></span> <span class='ocrx_word' id='word_1_10' title='bbox 783 661 939 722; x_wconf 84' lang='lat' dir='ltr'><strong>“Numero</strong></span> <span class='ocrx_word' id='word_1_11' title='bbox 959 662 1075 721; x_wconf 88' lang='lat' dir='ltr'><strong>dicis!&#39;&#39;</strong></span> <span class='ocrx_word' id='word_1_12' title='bbox 1114 661 1228 740; x_wconf 88' lang='lat' dir='ltr'><strong>Amph.</strong></span> <span class='ocrx_word' id='word_1_13' title='bbox 1248 669 1295 720; x_wconf 78' lang='lat'><strong>24.</strong></span> 
     </span>
     <span class='ocr_line' id='line_1_3' title="bbox 141 775 1188 857; baseline -0.002 -21"><span class='ocrx_word' id='word_1_14' title='bbox 141 775 307 846; x_wconf 81' lang='lat' dir='ltr'><strong>“Numero</strong></span> <span class='ocrx_word' id='word_1_15' title='bbox 325 778 399 836; x_wconf 91' lang='lat' dir='ltr'><strong>mihi</strong></span> <span class='ocrx_word' id='word_1_16' title='bbox 419 777 451 836; x_wconf 90' lang='lat' dir='ltr'><strong>in</strong></span> <span class='ocrx_word' id='word_1_17' title='bbox 471 788 602 838; x_wconf 91' lang='lat' dir='ltr'><strong>mentem</strong></span> <span class='ocrx_word' id='word_1_18' title='bbox 622 777 707 837; x_wconf 84' lang='lat' dir='ltr'><strong>fuit.&#39;&#39;</strong></span> <span class='ocrx_word' id='word_1_19' title='bbox 748 777 930 857; x_wconf 86' lang='lat' dir='ltr'><strong>(Suddenly,</strong></span> <span class='ocrx_word' id='word_1_20' title='bbox 952 776 1012 836; x_wconf 86' lang='lat' dir='ltr'><strong>this</strong></span> <span class='ocrx_word' id='word_1_21' title='bbox 1032 779 1188 855; x_wconf 86' lang='lat' dir='ltr'><strong>moment.)</strong></span> 
     </span>
    </p>
   </div>
   <div class='ocr_carea' id='block_1_3' title="bbox 203 916 907 1009">
    <p class='ocr_par' dir='ltr' id='par_1_3' title="bbox 203 916 907 1009">
     <span class='ocr_line' id='line_1_4' title="bbox 203 916 907 1009; baseline 0.003 -26"><span class='ocrx_word' id='word_1_22' title='bbox 203 932 272 983; x_wconf 75' lang='lat'><strong>203.</strong></span> <span class='ocrx_word' id='word_1_23' title='bbox 321 916 460 1009; x_wconf 74' lang='lat' dir='ltr'><strong>Nune]</strong></span> <span class='ocrx_word' id='word_1_24' title='bbox 507 924 580 987; x_wconf 83' lang='lat' dir='ltr'><strong>But</strong></span> <span class='ocrx_word' id='word_1_25' title='bbox 602 944 699 996; x_wconf 76' lang='lat' dir='ltr'><strong>now:</strong></span> <span class='ocrx_word' id='word_1_26' title='bbox 726 926 804 1006; x_wconf 76' lang='lat' dir='ltr'><strong>only</strong></span> <span class='ocrx_word' id='word_1_27' title='bbox 821 925 907 1002; x_wconf 81' lang='lat' dir='ltr'><strong>just.</strong></span> 
     </span>
    </p>
   </div>
   <div class='ocr_carea' id='block_1_4' title="bbox 203 1065 1294 1160">
    <p class='ocr_par' dir='ltr' id='par_1_4' title="bbox 203 1065 1294 1160">
     <span class='ocr_line' id='line_1_5' title="bbox 203 1065 1294 1160; baseline 0.002 -26"><span class='ocrx_word' id='word_1_28' title='bbox 203 1083 271 1134; x_wconf 74' lang='lat'><strong>9205.</strong></span> <span class='ocrx_word' id='word_1_29' title='bbox 321 1065 469 1160; x_wconf 68' lang='lat' dir='ltr'><strong>Saurea]</strong></span> <span class='ocrx_word' id='word_1_30' title='bbox 521 1081 632 1140; x_wconf 80' lang='lat' dir='ltr'><strong>Guou:</strong></span> <span class='ocrx_word' id='word_1_31' title='bbox 661 1081 744 1140; x_wconf 88' lang='lat' dir='ltr'><strong>Lect.</strong></span> <span class='ocrx_word' id='word_1_32' title='bbox 764 1081 861 1139; x_wconf 83' lang='lat' dir='ltr'><strong>Plaut</strong></span> <span class='ocrx_word' id='word_1_33' title='bbox 891 1079 1023 1137; x_wconf 80' lang='lat' dir='ltr'><strong>”Saerea</strong></span> <span class='ocrx_word' id='word_1_34' title='bbox 1049 1079 1189 1138; x_wconf 86' lang='lat' dir='ltr'><strong>dicebant</strong></span> <span class='ocrx_word' id='word_1_35' title='bbox 1212 1077 1294 1138; x_wconf 89' lang='lat' dir='ltr'><strong>Vett.</strong></span> 
     </span>
    </p>
   </div>
   <div class='ocr_carea' id='block_1_5' title="bbox 135 1196 1297 2499">
    <p class='ocr_par' dir='ltr' id='par_1_5' title="bbox 135 1196 1297 2499">
     <span class='ocr_line' id='line_1_6' title="bbox 138 1196 1296 1284; baseline -0.001 -28"><span class='ocrx_word' id='word_1_36' title='bbox 138 1197 232 1256; x_wconf 85' lang='lat' dir='ltr'><strong>tertia</strong></span> <span class='ocrx_word' id='word_1_37' title='bbox 258 1197 464 1269; x_wconf 84' lang='lat' dir='ltr'><strong>declinatione,</strong></span> <span class='ocrx_word' id='word_1_38' title='bbox 493 1219 548 1277; x_wconf 93' lang='lat' dir='ltr'><strong>pro</strong></span> <span class='ocrx_word' id='word_1_39' title='bbox 577 1219 637 1277; x_wconf 94' lang='lat' dir='ltr'><strong>quo</strong></span> <span class='ocrx_word' id='word_1_40' title='bbox 666 1217 726 1256; x_wconf 84' lang='lat' dir='ltr'><strong>nos</strong></span> <span class='ocrx_word' id='word_1_41' title='bbox 743 1197 877 1284; x_wconf 79' lang='lat' dir='ltr'><strong>secunda</strong></span> <span class='ocrx_word' id='word_1_42' title='bbox 903 1197 1011 1256; x_wconf 87' lang='lat' dir='ltr'><strong>dcclin.</strong></span> <span class='ocrx_word' id='word_1_43' title='bbox 1036 1206 1168 1256; x_wconf 79' lang='lat' dir='ltr'><strong>sacros.“</strong></span> <span class='ocrx_word' id='word_1_44' title='bbox 1215 1196 1296 1256; x_wconf 75' lang='lat' dir='ltr'><strong>(litat</strong></span> 
     </span>
     <span class='ocr_line' id='line_1_7' title="bbox 139 1308 1296 1389; baseline 0 -22"><span class='ocrx_word' id='word_1_45' title='bbox 139 1309 257 1368; x_wconf 74' lang='lat' dir='ltr'><strong>Lama:</strong></span> <span class='ocrx_word' id='word_1_46' title='bbox 283 1311 391 1382; x_wconf 87' lang='lat' dir='ltr'><strong>Varro,</strong></span> <span class='ocrx_word' id='word_1_47' title='bbox 413 1311 480 1370; x_wconf 86' lang='lat' dir='ltr'><strong>Lib.</strong></span> <span class='ocrx_word' id='word_1_48' title='bbox 495 1311 537 1369; x_wconf 91' lang='lat' dir='ltr'><strong>II.</strong></span> <span class='ocrx_word' id='word_1_49' title='bbox 560 1312 603 1370; x_wconf 87' lang='lat' dir='ltr'><strong>Re</strong></span> <span class='ocrx_word' id='word_1_50' title='bbox 618 1310 703 1369; x_wconf 82' lang='lat' dir='ltr'><strong>Rust.</strong></span> <span class='ocrx_word' id='word_1_51' title='bbox 725 1309 797 1387; x_wconf 87' lang='lat' dir='ltr'><strong>Cap.</strong></span> <span class='ocrx_word' id='word_1_52' title='bbox 815 1319 841 1368; x_wconf 90' lang='lat'><strong>1.</strong></span> <span class='ocrx_word' id='word_1_53' title='bbox 861 1319 891 1369; x_wconf 91' lang='lat' dir='ltr'><strong>et</strong></span> <span class='ocrx_word' id='word_1_54' title='bbox 907 1309 980 1387; x_wconf 88' lang='lat' dir='ltr'><strong>Cap.</strong></span> <span class='ocrx_word' id='word_1_55' title='bbox 995 1318 1022 1368; x_wconf 79' lang='lat'><strong>4.</strong></span> <span class='ocrx_word' id='word_1_56' title='bbox 1063 1308 1152 1368; x_wconf 88' lang='lat' dir='ltr'><strong>Unde</strong></span> <span class='ocrx_word' id='word_1_57' title='bbox 1171 1319 1296 1389; x_wconf 89' lang='lat' dir='ltr'><strong>apparet</strong></span> 
     </span>
     <span class='ocr_line' id='line_1_8' title="bbox 137 1395 1295 1502; baseline -0.004 -21"><span class='ocrx_word' id='word_1_58' title='bbox 137 1422 185 1481; x_wconf 87' lang='lat' dir='ltr'><strong>sic</strong></span> <span class='ocrx_word' id='word_1_59' title='bbox 213 1421 310 1482; x_wconf 90' lang='lat' dir='ltr'><strong>dictos</strong></span> <span class='ocrx_word' id='word_1_60' title='bbox 336 1443 399 1482; x_wconf 87' lang='lat' dir='ltr'><strong>esse</strong></span> <span class='ocrx_word' id='word_1_61' title='bbox 423 1443 531 1502; x_wconf 85' lang='lat' dir='ltr'><strong>porcos</strong></span> <span class='ocrx_word' id='word_1_62' title='bbox 558 1429 604 1480; x_wconf 89' lang='lat' dir='ltr'><strong>“a</strong></span> <span class='ocrx_word' id='word_1_63' title='bbox 633 1422 682 1480; x_wconf 87' lang='lat' dir='ltr'><strong>die</strong></span> <span class='ocrx_word' id='word_1_64' title='bbox 709 1421 827 1480; x_wconf 89' lang='lat' dir='ltr'><strong>decimo</strong></span> <span class='ocrx_word' id='word_1_65' title='bbox 857 1431 926 1498; x_wconf 85' lang='lat' dir='ltr'><strong>post</strong></span> <span class='ocrx_word' id='word_1_66' title='bbox 953 1429 1085 1498; x_wconf 89' lang='lat' dir='ltr'><strong>partum,</strong></span> <span class='ocrx_word' id='word_1_67' title='bbox 1116 1395 1213 1497; x_wconf 68' lang='lat' dir='ltr'><strong>quod⁸</strong></span> <span class='ocrx_word' id='word_1_68' title='bbox 1229 1430 1295 1479; x_wconf 90' lang='lat' dir='ltr'><strong>tum</strong></span> 
     </span>
     <span class='ocr_line' id='line_1_9' title="bbox 137 1532 1295 1611; baseline -0.001 -19"><span class='ocrx_word' id='word_1_69' title='bbox 137 1533 181 1592; x_wconf 83' lang='lat' dir='ltr'><strong>ad</strong></span> <span class='ocrx_word' id='word_1_70' title='bbox 205 1534 384 1594; x_wconf 87' lang='lat' dir='ltr'><strong>sacrificium</strong></span> <span class='ocrx_word' id='word_1_71' title='bbox 404 1535 506 1594; x_wconf 91' lang='lat' dir='ltr'><strong>idonei</strong></span> <span class='ocrx_word' id='word_1_72' title='bbox 526 1535 708 1594; x_wconf 83' lang='lat' dir='ltr'>haberentur</span> <span class='ocrx_word' id='word_1_73' title='bbox 732 1533 889 1611; x_wconf 87' lang='lat' dir='ltr'><strong>primum.&#39;&#39;</strong></span> <span class='ocrx_word' id='word_1_74' title='bbox 929 1533 1027 1592; x_wconf 87' lang='lat' dir='ltr'>Addit</span> <span class='ocrx_word' id='word_1_75' title='bbox 1047 1533 1085 1590; x_wconf 79' lang='lat' dir='ltr'><strong>(le</strong></span> <span class='ocrx_word' id='word_1_76' title='bbox 1106 1553 1161 1590; x_wconf 88' lang='lat' dir='ltr'><strong>suo</strong></span> <span class='ocrx_word' id='word_1_77' title='bbox 1183 1532 1295 1591; x_wconf 75' lang='lat' dir='ltr'><strong>Lana:</strong></span> 
     </span>
     <span class='ocr_line' id='line_1_10' title="bbox 139 1643 1294 1722; baseline 0.001 -21"><span class='ocrx_word' id='word_1_78' title='bbox 139 1643 299 1703; x_wconf 80' lang='lat' dir='ltr'><strong>”Laribus</strong></span> <span class='ocrx_word' id='word_1_79' title='bbox 326 1643 556 1704; x_wconf 75' lang='lat' dir='ltr'><strong>immolabantur</strong></span> <span class='ocrx_word' id='word_1_80' title='bbox 586 1643 619 1701; x_wconf 93' lang='lat' dir='ltr'><strong>hi</strong></span> <span class='ocrx_word' id='word_1_81' title='bbox 647 1644 732 1722; x_wconf 87' lang='lat' dir='ltr'><strong>porci</strong></span> <span class='ocrx_word' id='word_1_82' title='bbox 763 1663 868 1714; x_wconf 84' lang='lat' dir='ltr'><strong>sacres,</strong></span> <span class='ocrx_word' id='word_1_83' title='bbox 899 1663 960 1702; x_wconf 92' lang='lat' dir='ltr'><strong>non</strong></span> <span class='ocrx_word' id='word_1_84' title='bbox 986 1643 1083 1702; x_wconf 86' lang='lat' dir='ltr'><strong>solum</strong></span> <span class='ocrx_word' id='word_1_85' title='bbox 1108 1645 1146 1701; x_wconf 89' lang='lat' dir='ltr'><strong>ab</strong></span> <span class='ocrx_word' id='word_1_86' title='bbox 1172 1643 1294 1713; x_wconf 88' lang='lat' dir='ltr'><strong>insanis,</strong></span> 
     </span>
     <span class='ocr_line' id='line_1_11' title="bbox 139 1752 1293 1831; baseline -0.003 -19"><span class='ocrx_word' id='word_1_87' title='bbox 139 1774 252 1813; x_wconf 87' lang='lat' dir='ltr'><strong>verum</strong></span> <span class='ocrx_word' id='word_1_88' title='bbox 286 1754 377 1813; x_wconf 87' lang='lat' dir='ltr'><strong>etiarn</strong></span> <span class='ocrx_word' id='word_1_89' title='bbox 411 1756 448 1814; x_wconf 89' lang='lat' dir='ltr'><strong>ab</strong></span> <span class='ocrx_word' id='word_1_90' title='bbox 481 1754 518 1812; x_wconf 88' lang='lat' dir='ltr'><strong>iis</strong></span> <span class='ocrx_word' id='word_1_91' title='bbox 555 1754 665 1831; x_wconf 88' lang='lat' dir='ltr'><strong>quibus</strong></span> <span class='ocrx_word' id='word_1_92' title='bbox 699 1764 787 1813; x_wconf 86' lang='lat' dir='ltr'><strong>aucta</strong></span> <span class='ocrx_word' id='word_1_93' title='bbox 819 1763 883 1812; x_wconf 90' lang='lat' dir='ltr'><strong>erat</strong></span> <span class='ocrx_word' id='word_1_94' title='bbox 916 1753 1060 1811; x_wconf 83' lang='lat' dir='ltr'><strong>familia.“</strong></span> <span class='ocrx_word' id='word_1_95' title='bbox 1109 1753 1189 1812; x_wconf 86' lang='lat' dir='ltr'><strong>Rud.</strong></span> <span class='ocrx_word' id='word_1_96' title='bbox 1210 1752 1293 1813; x_wconf 88' lang='lat'><strong>1106.</strong></span> 
     </span>
     <span class='ocr_line' id='line_1_12' title="bbox 140 1863 1294 1942; baseline -0.002 -18"><span class='ocrx_word' id='word_1_97' title='bbox 140 1864 300 1924; x_wconf 89' lang='lat' dir='ltr'><strong>“Adorna</strong></span> <span class='ocrx_word' id='word_1_98' title='bbox 317 1875 353 1924; x_wconf 90' lang='lat' dir='ltr'><strong>ut</strong></span> <span class='ocrx_word' id='word_1_99' title='bbox 372 1885 436 1924; x_wconf 89' lang='lat' dir='ltr'><strong>rem</strong></span> <span class='ocrx_word' id='word_1_100' title='bbox 455 1865 587 1923; x_wconf 89' lang='lat' dir='ltr'><strong>divinam</strong></span> <span class='ocrx_word' id='word_1_101' title='bbox 607 1864 713 1924; x_wconf 85' lang='lat' dir='ltr'><strong>faciam</strong></span> <span class='ocrx_word' id='word_1_102' title='bbox 738 1864 866 1922; x_wconf 81' lang='lat' dir='ltr'><strong>Laribus</strong></span> <span class='ocrx_word' id='word_1_103' title='bbox 886 1863 1090 1933; x_wconf 80' lang='lat' dir='ltr'><strong>familiaribus,</strong></span> <span class='ocrx_word' id='word_1_104' title='bbox 1111 1883 1204 1942; x_wconf 92' lang='lat' dir='ltr'><strong>quom</strong></span> <span class='ocrx_word' id='word_1_105' title='bbox 1226 1883 1294 1922; x_wconf 88' lang='lat' dir='ltr'><strong>nos-</strong></span> 
     </span>
     <span class='ocr_line' id='line_1_13' title="bbox 135 1971 1295 2052; baseline 0.002 -19"><span class='ocrx_word' id='word_1_106' title='bbox 135 1985 220 2033; x_wconf 84' lang='lat' dir='ltr'><strong>tram</strong></span> <span class='ocrx_word' id='word_1_107' title='bbox 241 1984 390 2034; x_wconf 85' lang='lat' dir='ltr'><strong>auxerunt</strong></span> <span class='ocrx_word' id='word_1_108' title='bbox 409 1974 560 2032; x_wconf 88' lang='lat' dir='ltr'><strong>familiam.</strong></span> <span class='ocrx_word' id='word_1_109' title='bbox 601 1974 680 2033; x_wconf 88' lang='lat' dir='ltr'><strong>Sunt</strong></span> <span class='ocrx_word' id='word_1_110' title='bbox 698 1971 779 2032; x_wconf 91' lang='lat' dir='ltr'><strong>domi</strong></span> <span class='ocrx_word' id='word_1_111' title='bbox 799 1973 880 2051; x_wconf 85' lang='lat' dir='ltr'><strong>agni,</strong></span> <span class='ocrx_word' id='word_1_112' title='bbox 904 1984 934 2032; x_wconf 89' lang='lat' dir='ltr'><strong>et</strong></span> <span class='ocrx_word' id='word_1_113' title='bbox 950 1973 1035 2052; x_wconf 82' lang='lat' dir='ltr'><strong>porci</strong></span> <span class='ocrx_word' id='word_1_114' title='bbox 1058 1976 1182 2032; x_wconf 54' lang='lat' dir='ltr'><strong>sacres?</strong></span> <span class='ocrx_word' id='word_1_115' title='bbox 1222 1975 1295 2035; x_wconf 87' lang='lat' dir='ltr'><strong>Huc</strong></span> 
     </span>
     <span class='ocr_line' id='line_1_14' title="bbox 137 2083 1295 2164; baseline 0.001 -21"><span class='ocrx_word' id='word_1_116' title='bbox 137 2083 285 2164; x_wconf 89' lang='lat' dir='ltr'><strong>pertinet,</strong></span> <span class='ocrx_word' id='word_1_117' title='bbox 301 2085 376 2143; x_wconf 91' lang='lat' dir='ltr'><strong>Hor.</strong></span> <span class='ocrx_word' id='word_1_118' title='bbox 393 2085 453 2143; x_wconf 86' lang='lat' dir='ltr'><strong>Sat.</strong></span> <span class='ocrx_word' id='word_1_119' title='bbox 467 2084 510 2143; x_wconf 90' lang='lat'><strong>11.</strong></span> <span class='ocrx_word' id='word_1_120' title='bbox 527 2103 577 2142; x_wconf 91' lang='lat'><strong>111.</strong></span> <span class='ocrx_word' id='word_1_121' title='bbox 594 2084 657 2143; x_wconf 79' lang='lat'><strong>164.</strong></span> <span class='ocrx_word' id='word_1_122' title='bbox 699 2092 717 2118; x_wconf 86' lang='lat'>“</span> <span class='ocrx_word' id='word_1_123' title='bbox 728 2083 868 2144; x_wconf 91' lang='lat' dir='ltr'><strong>Immolet</strong></span> <span class='ocrx_word' id='word_1_124' title='bbox 877 2085 972 2162; x_wconf 85' lang='lat' dir='ltr'><strong>aequis</strong></span> <span class='ocrx_word' id='word_1_125' title='bbox 993 2085 1055 2144; x_wconf 92' lang='lat' dir='ltr'><strong>Hic</strong></span> <span class='ocrx_word' id='word_1_126' title='bbox 1072 2105 1191 2163; x_wconf 63' lang='lat' dir='ltr'><strong>mecum</strong></span> <span class='ocrx_word' id='word_1_127' title='bbox 1210 2085 1295 2144; x_wconf 91' lang='lat' dir='ltr'><strong>Lari-</strong></span> 
     </span>
     <span class='ocr_line' id='line_1_15' title="bbox 136 2193 1296 2277; baseline 0.003 -23"><span class='ocrx_word' id='word_1_128' title='bbox 136 2197 226 2255; x_wconf 54' lang='lat' dir='ltr'><strong>bus?</strong></span> <span class='ocrx_word' id='word_1_129' title='bbox 267 2193 413 2255; x_wconf 87' lang='lat' dir='ltr'><strong>Eustath:</strong></span> <span class='ocrx_word' id='word_1_130' title='bbox 441 2197 473 2254; x_wconf 91' lang='lat' dir='ltr'><strong>in</strong></span> <span class='ocrx_word' id='word_1_131' title='bbox 494 2197 572 2254; x_wconf 89' lang='lat' dir='ltr'><strong>notis</strong></span> <span class='ocrx_word' id='word_1_132' title='bbox 599 2195 638 2254; x_wconf 86' lang='lat' dir='ltr'><strong>ad</strong></span> <span class='ocrx_word' id='word_1_133' title='bbox 664 2195 759 2254; x_wconf 87' lang='lat' dir='ltr'><strong>Iliad:</strong></span> <span class='ocrx_word' id='word_1_134' title='bbox 789 2193 823 2252; x_wconf 83' lang='grc' dir='ltr'><strong>τ’.</strong></span> <span class='ocrx_word' id='word_1_135' title='bbox 843 2196 893 2265; x_wconf 90' lang='lat' dir='ltr'><strong>ait,</strong></span> <span class='ocrx_word' id='word_1_136' title='bbox 918 2197 1075 2257; x_wconf 85' lang='lat' dir='ltr'><strong>’&#39;Porcum</strong></span> <span class='ocrx_word' id='word_1_137' title='bbox 1100 2201 1138 2258; x_wconf 91' lang='lat' dir='ltr'><strong>ab</strong></span> <span class='ocrx_word' id='word_1_138' title='bbox 1165 2199 1296 2277; x_wconf 84' lang='lat' dir='ltr'><strong>antiquis</strong></span> 
     </span>
     <span class='ocr_line' id='line_1_16' title="bbox 136 2306 1297 2391; baseline 0.006 -24"><span class='ocrx_word' id='word_1_139' title='bbox 136 2306 348 2367; x_wconf 83' lang='lat' dir='ltr'><strong>existimatum</strong></span> <span class='ocrx_word' id='word_1_140' title='bbox 379 2328 443 2367; x_wconf 87' lang='lat' dir='ltr'><strong>esse</strong></span> <span class='ocrx_word' id='word_1_141' title='bbox 473 2307 511 2367; x_wconf 85' lang='lat' dir='ltr'><strong>ad</strong></span> <span class='ocrx_word' id='word_1_142' title='bbox 544 2307 726 2386; x_wconf 86' lang='lat' dir='ltr'><strong>expiationes</strong></span> <span class='ocrx_word' id='word_1_143' title='bbox 759 2309 935 2380; x_wconf 87' lang='lat' dir='ltr'><strong>idoneum,“</strong></span> <span class='ocrx_word' id='word_1_144' title='bbox 963 2320 1129 2390; x_wconf 88' lang='lat' dir='ltr'><strong>testemque</strong></span> <span class='ocrx_word' id='word_1_145' title='bbox 1157 2315 1297 2391; x_wconf 87' lang='lat' dir='ltr'><strong>producit</strong></span> 
     </span>
     <span class='ocr_line' id='line_1_17' title="bbox 139 2415 1295 2499; baseline 0.007 -25"><span class='ocrx_word' id='word_1_146' title='bbox 139 2415 333 2495; x_wconf 75' lang='lat' dir='ltr'><strong>AEschylum,</strong></span> <span class='ocrx_word' id='word_1_147' title='bbox 368 2416 437 2496; x_wconf 63' lang='grc' dir='ltr'><strong>Πρὶν</strong></span> <span class='ocrx_word' id='word_1_148' title='bbox 465 2415 499 2474; x_wconf 73' lang='grc' dir='ltr'><strong>(ἲν</strong></span> <span class='ocrx_word' id='word_1_149' title='bbox 532 2426 690 2489; x_wconf 66' lang='grc' dir='ltr'>παλαγμοῖο</span> <span class='ocrx_word' id='word_1_150' title='bbox 720 2420 840 2487; x_wconf 61' lang='grc' dir='ltr'>αἵματος</span> <span class='ocrx_word' id='word_1_151' title='bbox 874 2418 1102 2499; x_wconf 78' lang='grc' dir='ltr'>χυιροκτόνου</span> <span class='ocrx_word' id='word_1_152' title='bbox 1138 2421 1230 2480; x_wconf 68' lang='grc' dir='ltr'>Αὖτός</span> <span class='ocrx_word' id='word_1_153' title='bbox 1261 2449 1295 2482; x_wconf 87' lang='grc' dir='ltr'><strong>σε</strong></span> 
     </span>
    </p>
   </div>
   <div class='ocr_carea' id='block_1_6' title="bbox 138 2529 686 2611">
    <p class='ocr_par' dir='ltr' id='par_1_6' title="bbox 138 2529 686 2611">
     <span class='ocr_line' id='line_1_18' title="bbox 138 2529 686 2611; baseline 0 -25"><span class='ocrx_word' id='word_1_154' title='bbox 138 2529 250 2611; x_wconf 78' lang='grc' dir='ltr'><em>χράναι</em></span> <span class='ocrx_word' id='word_1_155' title='bbox 278 2529 343 2587; x_wconf 68' lang='lat' dir='ltr'><strong>Zevb</strong></span> <span class='ocrx_word' id='word_1_156' title='bbox 367 2530 555 2609; x_wconf 69' lang='grc' dir='ltr'>καταστάξας</span> <span class='ocrx_word' id='word_1_157' title='bbox 579 2538 686 2611; x_wconf 80' lang='grc' dir='ltr'>χεροῖν.</span> 
     </span>
    </p>
   </div>
   <div class='ocr_carea' id='block_1_7' title="bbox 108 2649 1295 2886">
    <p class='ocr_par' dir='ltr' id='par_1_7' title="bbox 108 2649 1295 2886">
     <span class='ocr_line' id='line_1_19' title="bbox 108 2649 1295 2778; baseline 0 -27"><span class='ocrx_word' id='word_1_158' title='bbox 108 2649 114 2674; x_wconf 76' lang='lat'><strong>.</strong></span> <span class='ocrx_word' id='word_1_159' title='bbox 198 2722 252 2734; x_wconf 92' lang='lat'><em>-</em></span> <span class='ocrx_word' id='word_1_160' title='bbox 300 2675 465 2778; x_wconf 57' lang='lat' dir='ltr'><strong>Sincera]</strong></span> <span class='ocrx_word' id='word_1_161' title='bbox 518 2684 663 2747; x_wconf 77' lang='lat' dir='ltr'><strong>Witlout</strong></span> <span class='ocrx_word' id='word_1_162' title='bbox 686 2690 759 2767; x_wconf 84' lang='lat' dir='ltr'><strong>spot</strong></span> <span class='ocrx_word' id='word_1_163' title='bbox 784 2706 820 2747; x_wconf 82' lang='lat' dir='ltr'><strong>or</strong></span> <span class='ocrx_word' id='word_1_164' title='bbox 846 2687 987 2748; x_wconf 65' lang='lat' dir='ltr'><strong>bkmislz.</strong></span> <span class='ocrx_word' id='word_1_165' title='bbox 1036 2693 1098 2764; x_wconf 85' lang='lat' dir='ltr'><strong>Qui</strong></span> <span class='ocrx_word' id='word_1_166' title='bbox 1119 2693 1201 2771; x_wconf 88' lang='lat' dir='ltr'><strong>apud</strong></span> <span class='ocrx_word' id='word_1_167' title='bbox 1221 2694 1295 2752; x_wconf 87' lang='lat' dir='ltr'><strong>Var-</strong></span> 
     </span>
     <span class='ocr_line' id='line_1_20' title="bbox 134 2804 1295 2886; baseline 0.004 -22"><span class='ocrx_word' id='word_1_168' title='bbox 134 2824 257 2875; x_wconf 89' lang='lat' dir='ltr'><strong>ronem,</strong></span> <span class='ocrx_word' id='word_1_169' title='bbox 279 2804 395 2885; x_wconf 87' lang='lat' dir='ltr'><strong>(Supra</strong></span> <span class='ocrx_word' id='word_1_170' title='bbox 411 2805 475 2885; x_wconf 91' lang='lat' dir='ltr'><strong>cit.)</strong></span> <span class='ocrx_word' id='word_1_171' title='bbox 518 2808 593 2866; x_wconf 76' lang='lat' dir='ltr'><strong>Puri</strong></span> <span class='ocrx_word' id='word_1_172' title='bbox 606 2807 802 2886; x_wconf 86' lang='lat' dir='ltr'><strong>appellantur.</strong></span> <span class='ocrx_word' id='word_1_173' title='bbox 843 2808 955 2867; x_wconf 80' lang='lat' dir='ltr'><strong>Gnou:</strong></span> <span class='ocrx_word' id='word_1_174' title='bbox 977 2809 1060 2868; x_wconf 86' lang='lat' dir='ltr'><strong>Lect.</strong></span> <span class='ocrx_word' id='word_1_175' title='bbox 1080 2811 1177 2870; x_wconf 85' lang='lat' dir='ltr'><strong>Plaut</strong></span> <span class='ocrx_word' id='word_1_176' title='bbox 1199 2811 1295 2870; x_wconf 81' lang='lat' dir='ltr'><strong>’&#39;Sin-</strong></span> 
     </span>
    </p>
   </div>
   <div class='ocr_carea' id='block_1_8' title="bbox 134 2915 1297 3442">
    <p class='ocr_par' dir='ltr' id='par_1_8' title="bbox 134 2915 1297 3442">
     <span class='ocr_line' id='line_1_21' title="bbox 138 2915 1293 3001; baseline 0.004 -27"><span class='ocrx_word' id='word_1_177' title='bbox 138 2915 212 2986; x_wconf 82' lang='lat' dir='ltr'><strong>ceri,</strong></span> <span class='ocrx_word' id='word_1_178' title='bbox 240 2915 318 2974; x_wconf 89' lang='lat' dir='ltr'><strong>nihil</strong></span> <span class='ocrx_word' id='word_1_179' title='bbox 345 2916 427 2974; x_wconf 89' lang='lat' dir='ltr'><strong>aliud</strong></span> <span class='ocrx_word' id='word_1_180' title='bbox 455 2927 525 2976; x_wconf 86' lang='lat' dir='ltr'><strong>sunt</strong></span> <span class='ocrx_word' id='word_1_181' title='bbox 551 2938 641 2996; x_wconf 86' lang='lat' dir='ltr'><strong>quam</strong></span> <span class='ocrx_word' id='word_1_182' title='bbox 664 2919 733 2996; x_wconf 91' lang='lat' dir='ltr'><strong>puri</strong></span> <span class='ocrx_word' id='word_1_183' title='bbox 760 2930 791 2977; x_wconf 92' lang='lat' dir='ltr'><strong>et</strong></span> <span class='ocrx_word' id='word_1_184' title='bbox 815 2919 879 2977; x_wconf 88' lang='lat' dir='ltr'><strong>sine</strong></span> <span class='ocrx_word' id='word_1_185' title='bbox 906 2919 972 2978; x_wconf 90' lang='lat' dir='ltr'><strong>labe</strong></span> <span class='ocrx_word' id='word_1_186' title='bbox 999 2922 1141 2998; x_wconf 89' lang='lat' dir='ltr'><strong>corporis,</strong></span> <span class='ocrx_word' id='word_1_187' title='bbox 1166 2921 1293 3001; x_wconf 83' lang='lat' dir='ltr'><strong>integri:</strong></span> 
     </span>
     <span class='ocr_line' id='line_1_22' title="bbox 136 3027 1296 3111; baseline 0.006 -26"><span class='ocrx_word' id='word_1_188' title='bbox 136 3029 220 3086; x_wconf 92' lang='lat' dir='ltr'><strong>Nam</strong></span> <span class='ocrx_word' id='word_1_189' title='bbox 248 3027 314 3105; x_wconf 26' lang='lat' dir='ltr'><strong>hoc,</strong></span> <span class='ocrx_word' id='word_1_190' title='bbox 333 3029 543 3106; x_wconf 86' lang='lat' dir='ltr'><strong>requirebatur</strong></span> <span class='ocrx_word' id='word_1_191' title='bbox 571 3029 603 3087; x_wconf 94' lang='lat' dir='ltr'><strong>in</strong></span> <span class='ocrx_word' id='word_1_192' title='bbox 631 3029 768 3098; x_wconf 88' lang='lat' dir='ltr'><strong>victimis,</strong></span> <span class='ocrx_word' id='word_1_193' title='bbox 796 3049 890 3107; x_wconf 92' lang='lat' dir='ltr'><strong>eaque</strong></span> <span class='ocrx_word' id='word_1_194' title='bbox 924 3030 961 3089; x_wconf 88' lang='lat' dir='ltr'><strong>de</strong></span> <span class='ocrx_word' id='word_1_195' title='bbox 991 3051 1088 3102; x_wconf 88' lang='lat' dir='ltr'><strong>causa,</strong></span> <span class='ocrx_word' id='word_1_196' title='bbox 1118 3033 1296 3111; x_wconf 81' lang='lat' dir='ltr'><strong>priusquam</strong></span> 
     </span>
     <span class='ocr_line' id='line_1_23' title="bbox 134 3139 1297 3225; baseline 0.006 -27"><span class='ocrx_word' id='word_1_197' title='bbox 134 3147 354 3210; x_wconf 85' lang='lat' dir='ltr'><strong>mactarentur,</strong></span> <span class='ocrx_word' id='word_1_198' title='bbox 368 3139 603 3218; x_wconf 86' lang='lat' dir='ltr'><strong>inspiciebantur</strong></span> <span class='ocrx_word' id='word_1_199' title='bbox 622 3163 640 3200; x_wconf 90' lang='lat' dir='ltr'><strong>a</strong></span> <span class='ocrx_word' id='word_1_200' title='bbox 660 3142 894 3202; x_wconf 87' lang='lat' dir='ltr'><strong>sacerdotibus.“</strong></span> <span class='ocrx_word' id='word_1_201' title='bbox 934 3143 1083 3216; x_wconf 80' lang='lat' dir='ltr'><strong>Sincerua,</strong></span> <span class='ocrx_word' id='word_1_202' title='bbox 1098 3146 1297 3225; x_wconf 77' lang='lat' dir='ltr'><strong>Etymologiaa</strong></span> 
     </span>
     <span class='ocr_line' id='line_1_24' title="bbox 134 3249 1297 3330; baseline 0.009 -22"><span class='ocrx_word' id='word_1_203' title='bbox 134 3260 230 3319; x_wconf 83' lang='lat' dir='ltr'><strong>notae,</strong></span> <span class='ocrx_word' id='word_1_204' title='bbox 258 3249 291 3326; x_wconf 89' lang='lat' dir='ltr'><strong>(a</strong></span> <span class='ocrx_word' id='word_1_205' title='bbox 309 3250 373 3309; x_wconf 79' lang='lat' dir='ltr'><strong>aine</strong></span> <span class='ocrx_word' id='word_1_206' title='bbox 391 3255 483 3330; x_wconf 61' lang='lat' dir='ltr'><strong>cera)</strong></span> <span class='ocrx_word' id='word_1_207' title='bbox 506 3252 554 3312; x_wconf 88' lang='lat' dir='ltr'><strong>vel</strong></span> <span class='ocrx_word' id='word_1_208' title='bbox 575 3254 612 3310; x_wconf 84' lang='lat' dir='ltr'><strong>ab</strong></span> <span class='ocrx_word' id='word_1_209' title='bbox 632 3250 707 3310; x_wconf 88' lang='lat' dir='ltr'><strong>Hor.</strong></span> <span class='ocrx_word' id='word_1_210' title='bbox 723 3253 782 3330; x_wconf 90' lang='lat' dir='ltr'><strong>Ep.</strong></span> <span class='ocrx_word' id='word_1_211' title='bbox 797 3254 821 3311; x_wconf 92' lang='lat'><strong>1.</strong></span> <span class='ocrx_word' id='word_1_212' title='bbox 837 3273 873 3311; x_wconf 82' lang='lat'><strong>11.</strong></span> <span class='ocrx_word' id='word_1_213' title='bbox 888 3262 934 3314; x_wconf 80' lang='lat'><strong>54.</strong></span> <span class='ocrx_word' id='word_1_214' title='bbox 977 3255 1158 3315; x_wconf 79' lang='lat' dir='ltr'><strong>“Sincerum</strong></span> <span class='ocrx_word' id='word_1_215' title='bbox 1175 3269 1221 3318; x_wconf 87' lang='lat' dir='ltr'><strong>est</strong></span> <span class='ocrx_word' id='word_1_216' title='bbox 1238 3261 1297 3319; x_wconf 88' lang='lat' dir='ltr'><strong>nisi</strong></span> 
     </span>
     <span class='ocr_line' id='line_1_25' title="bbox 134 3362 744 3442; baseline -0.002 -19"><span class='ocrx_word' id='word_1_217' title='bbox 134 3384 200 3434; x_wconf 85' lang='lat' dir='ltr'><strong>vas,</strong></span> <span class='ocrx_word' id='word_1_218' title='bbox 228 3362 434 3442; x_wconf 87' lang='lat' dir='ltr'><strong>quodcunque</strong></span> <span class='ocrx_word' id='word_1_219' title='bbox 455 3364 590 3423; x_wconf 89' lang='lat' dir='ltr'><strong>infundis</strong></span> <span class='ocrx_word' id='word_1_220' title='bbox 611 3365 744 3424; x_wconf 86' lang='lat' dir='ltr'><strong>acescit.”</strong></span> 
     </span>
    </p>
   </div>
   <div class='ocr_carea' id='block_1_9' title="bbox 193 3505 896 3599">
    <p class='ocr_par' dir='ltr' id='par_1_9' title="bbox 193 3505 896 3599">
     <span class='ocr_line' id='line_1_26' title="bbox 193 3505 896 3599; baseline -0.003 -15"><span class='ocrx_word' id='word_1_221' title='bbox 193 3557 248 3569; x_wconf 92' lang='grc'>-</span> <span class='ocrx_word' id='word_1_222' title='bbox 296 3505 452 3599; x_wconf 74' lang='lat' dir='ltr'><strong>Numa]</strong></span> <span class='ocrx_word' id='word_1_223' title='bbox 502 3521 599 3599; x_wconf 74' lang='lat' dir='ltr'><strong>supa</strong></span> <span class='ocrx_word' id='word_1_224' title='bbox 620 3521 684 3581; x_wconf 79' lang='lat' dir='ltr'><strong>rao.</strong></span> <span class='ocrx_word' id='word_1_225' title='bbox 725 3522 810 3581; x_wconf 66' lang='lat' dir='ltr'><strong>nfra</strong></span> <span class='ocrx_word' id='word_1_226' title='bbox 827 3523 896 3582; x_wconf 75' lang='lat' dir='ltr'><strong>aaa</strong></span> 
     </span>
    </p>
   </div>
   <div class='ocr_carea' id='block_1_10' title="bbox 193 3674 1294 3770">
    <p class='ocr_par' dir='ltr' id='par_1_10' title="bbox 193 3674 1294 3770">
     <span class='ocr_line' id='line_1_27' title="bbox 193 3674 1294 3770; baseline 0.008 -28"><span class='ocrx_word' id='word_1_227' title='bbox 193 3685 268 3750; x_wconf 73' lang='lat'><strong>206.</strong></span> <span class='ocrx_word' id='word_1_228' title='bbox 319 3674 453 3768; x_wconf 83' lang='lat' dir='ltr'><strong>Piari.]</strong></span> <span class='ocrx_word' id='word_1_229' title='bbox 503 3687 609 3746; x_wconf 87' lang='lat' dir='ltr'><strong>Festus</strong></span> <span class='ocrx_word' id='word_1_230' title='bbox 636 3687 686 3756; x_wconf 89' lang='lat' dir='ltr'><strong>ait,</strong></span> <span class='ocrx_word' id='word_1_231' title='bbox 714 3688 829 3747; x_wconf 81' lang='lat' dir='ltr'><strong>”Pieri</strong></span> <span class='ocrx_word' id='word_1_232' title='bbox 855 3711 905 3750; x_wconf 90' lang='lat' dir='ltr'><strong>eos</strong></span> <span class='ocrx_word' id='word_1_233' title='bbox 929 3691 1021 3750; x_wconf 89' lang='lat' dir='ltr'><strong>veluti</strong></span> <span class='ocrx_word' id='word_1_234' title='bbox 1048 3693 1170 3770; x_wconf 91' lang='lat' dir='ltr'><strong>proprio</strong></span> <span class='ocrx_word' id='word_1_235' title='bbox 1192 3694 1294 3761; x_wconf 88' lang='lat' dir='ltr'><strong>verbo,</strong></span> 
     </span>
    </p>
   </div>
   <div class='ocr_carea' id='block_1_11' title="bbox 131 3807 1303 4122">
    <p class='ocr_par' dir='ltr' id='par_1_11' title="bbox 131 3807 1303 4122">
     <span class='ocr_line' id='line_1_28' title="bbox 131 3807 1295 3890; baseline 0.002 -22"><span class='ocrx_word' id='word_1_236' title='bbox 131 3810 191 3889; x_wconf 89' lang='lat' dir='ltr'><strong>qui</strong></span> <span class='ocrx_word' id='word_1_237' title='bbox 220 3827 333 3888; x_wconf 87' lang='lat' dir='ltr'><strong>parum</strong></span> <span class='ocrx_word' id='word_1_238' title='bbox 354 3809 414 3867; x_wconf 84' lang='lat' dir='ltr'><strong>sint</strong></span> <span class='ocrx_word' id='word_1_239' title='bbox 437 3807 567 3875; x_wconf 83' lang='lat' dir='ltr'><strong>animati,</strong></span> <span class='ocrx_word' id='word_1_240' title='bbox 592 3825 661 3865; x_wconf 89' lang='lat' dir='ltr'><strong>cum</strong></span> <span class='ocrx_word' id='word_1_241' title='bbox 683 3807 791 3866; x_wconf 89' lang='lat' dir='ltr'><strong>mentis</strong></span> <span class='ocrx_word' id='word_1_242' title='bbox 815 3828 876 3868; x_wconf 80' lang='lat' dir='ltr'><strong>sure</strong></span> <span class='ocrx_word' id='word_1_243' title='bbox 901 3830 961 3868; x_wconf 94' lang='lat' dir='ltr'><strong>non</strong></span> <span class='ocrx_word' id='word_1_244' title='bbox 988 3809 1055 3880; x_wconf 86' lang='lat' dir='ltr'><strong>sint,</strong></span> <span class='ocrx_word' id='word_1_245' title='bbox 1083 3821 1113 3870; x_wconf 90' lang='lat' dir='ltr'><strong>et</strong></span> <span class='ocrx_word' id='word_1_246' title='bbox 1136 3830 1190 3889; x_wconf 92' lang='lat' dir='ltr'><strong>per</strong></span> <span class='ocrx_word' id='word_1_247' title='bbox 1214 3831 1295 3890; x_wconf 85' lang='lat' dir='ltr'><strong>quae-</strong></span> 
     </span>
     <span class='ocr_line' id='line_1_29' title="bbox 131 3915 1303 4003; baseline 0.003 -23"><span class='ocrx_word' id='word_1_248' title='bbox 131 3922 209 3980; x_wconf 86' lang='lat' dir='ltr'><strong>dam</strong></span> <span class='ocrx_word' id='word_1_249' title='bbox 229 3921 326 3979; x_wconf 90' lang='lat' dir='ltr'><strong>verba</strong></span> <span class='ocrx_word' id='word_1_250' title='bbox 344 3918 511 3978; x_wconf 88' lang='lat' dir='ltr'><strong>liberentur</strong></span> <span class='ocrx_word' id='word_1_251' title='bbox 528 3917 724 3976; x_wconf 88' lang='lat' dir='ltr'><strong>incommodo.</strong></span> <span class='ocrx_word' id='word_1_252' title='bbox 767 3915 888 3978; x_wconf 77' lang='lat' dir='ltr'><strong>Piatric</strong></span> <span class='ocrx_word' id='word_1_253' title='bbox 906 3921 1061 3981; x_wconf 86' lang='lat' dir='ltr'><strong>dicebatur</strong></span> <span class='ocrx_word' id='word_1_254' title='bbox 1077 3922 1211 3982; x_wconf 86' lang='lat' dir='ltr'><strong>sacerdos</strong></span> <span class='ocrx_word' id='word_1_255' title='bbox 1228 3917 1303 4003; x_wconf 70' lang='lat' dir='ltr'><strong>quae&#39;</strong></span> 
     </span>
     <span class='ocr_line' id='line_1_30' title="bbox 132 4025 1228 4122; baseline 0.002 -30"><span class='ocrx_word' id='word_1_256' title='bbox 132 4033 265 4112; x_wconf 87' lang='lat' dir='ltr'><strong>expiare</strong></span> <span class='ocrx_word' id='word_1_257' title='bbox 287 4041 353 4090; x_wconf 90' lang='lat' dir='ltr'><strong>erat</strong></span> <span class='ocrx_word' id='word_1_258' title='bbox 375 4030 487 4097; x_wconf 72' lang='lat' dir='ltr'><strong>solita:</strong></span> <span class='ocrx_word' id='word_1_259' title='bbox 507 4037 537 4087; x_wconf 90' lang='lat' dir='ltr'><strong>et</strong></span> <span class='ocrx_word' id='word_1_260' title='bbox 561 4025 724 4122; x_wconf 71' lang='lat' dir='ltr'><strong>Flumenta,</strong></span> <span class='ocrx_word' id='word_1_261' title='bbox 747 4030 858 4106; x_wconf 85' lang='lat' dir='ltr'><strong>quibua</strong></span> <span class='ocrx_word' id='word_1_262' title='bbox 878 4031 910 4089; x_wconf 92' lang='lat' dir='ltr'><strong>in</strong></span> <span class='ocrx_word' id='word_1_263' title='bbox 930 4033 1079 4111; x_wconf 83' lang='lat' dir='ltr'><strong>expiando</strong></span> <span class='ocrx_word' id='word_1_264' title='bbox 1101 4035 1228 4095; x_wconf 85' lang='lat' dir='ltr'><strong>utitur.“</strong></span> 
     </span>
    </p>
   </div>
   <div class='ocr_carea' id='block_1_12' title="bbox 205 4164 1295 4267">
    <p class='ocr_par' dir='ltr' id='par_1_12' title="bbox 205 4164 1295 4267">
     <span class='ocr_line' id='line_1_31' title="bbox 205 4164 1295 4267; baseline 0.006 -25"><span class='ocrx_word' id='word_1_265' title='bbox 205 4217 261 4232; x_wconf 92' lang='lat'><em>-</em></span> <span class='ocrx_word' id='word_1_266' title='bbox 321 4171 385 4245; x_wconf 90' lang='lat' dir='ltr'><strong>De</strong></span> <span class='ocrx_word' id='word_1_267' title='bbox 401 4197 481 4245; x_wconf 90' lang='lat' dir='ltr'><strong>mea</strong></span> <span class='ocrx_word' id='word_1_268' title='bbox 496 4164 677 4267; x_wconf 83' lang='lat' dir='ltr'><strong>pecunia]</strong></span> <span class='ocrx_word' id='word_1_269' title='bbox 724 4181 786 4240; x_wconf 76' lang='lat' dir='ltr'><strong>Cic.</strong></span> <span class='ocrx_word' id='word_1_270' title='bbox 801 4184 864 4241; x_wconf 79' lang='lat' dir='ltr'><strong>Art.</strong></span> <span class='ocrx_word' id='word_1_271' title='bbox 880 4184 917 4241; x_wconf 92' lang='lat' dir='ltr'><strong>V.</strong></span> <span class='ocrx_word' id='word_1_272' title='bbox 931 4193 978 4245; x_wconf 73' lang='lat'><strong>21.</strong></span> <span class='ocrx_word' id='word_1_273' title='bbox 1020 4186 1074 4245; x_wconf 81' lang='lat' dir='ltr'><strong>“A</strong></span> <span class='ocrx_word' id='word_1_274' title='bbox 1092 4205 1135 4245; x_wconf 79' lang='lat' dir='ltr'><strong>me</strong></span> <span class='ocrx_word' id='word_1_275' title='bbox 1155 4188 1295 4248; x_wconf 76' lang='lat' dir='ltr'><strong>solvera”</strong></span> 
     </span>
    </p>
   </div>
   <div class='ocr_carea' id='block_1_13' title="bbox 133 4297 1105 4466">
    <p class='ocr_par' dir='ltr' id='par_1_13' title="bbox 133 4297 1105 4466">
     <span class='ocr_line' id='line_1_32' title="bbox 133 4297 1105 4379; baseline -0.002 -18"><span class='ocrx_word' id='word_1_276' title='bbox 133 4303 171 4379; x_wconf 91' lang='lat' dir='ltr'><strong>(i.</strong></span> <span class='ocrx_word' id='word_1_277' title='bbox 181 4324 209 4363; x_wconf 90' lang='lat' dir='ltr'><strong>e.</strong></span> <span class='ocrx_word' id='word_1_278' title='bbox 233 4301 272 4360; x_wconf 82' lang='lat' dir='ltr'><strong>de</strong></span> <span class='ocrx_word' id='word_1_279' title='bbox 292 4303 378 4377; x_wconf 86' lang='lat' dir='ltr'><strong>meo.)</strong></span> <span class='ocrx_word' id='word_1_280' title='bbox 419 4299 523 4359; x_wconf 74' lang='lat' dir='ltr'><strong>Graece</strong></span> <span class='ocrx_word' id='word_1_281' title='bbox 543 4298 619 4355; x_wconf 74' lang='lat' dir='ltr'><strong>&#39;Ami</strong></span> <span class='ocrx_word' id='word_1_282' title='bbox 640 4300 696 4355; x_wconf 74' lang='grc' dir='ltr'><strong>ταῖν</strong></span> <span class='ocrx_word' id='word_1_283' title='bbox 716 4297 796 4366; x_wconf 73' lang='grc' dir='ltr'><strong>ἐμῶν.</strong></span> <span class='ocrx_word' id='word_1_284' title='bbox 838 4301 929 4361; x_wconf 87' lang='lat' dir='ltr'><strong>Arist.</strong></span> <span class='ocrx_word' id='word_1_285' title='bbox 945 4302 1024 4363; x_wconf 88' lang='lat' dir='ltr'><strong>Plut.</strong></span> <span class='ocrx_word' id='word_1_286' title='bbox 1040 4309 1105 4374; x_wconf 83' lang='lat'><strong>890.</strong></span> 
     </span>
     <span class='ocr_line' id='line_1_33' title="bbox 698 4417 725 4466; baseline 0 0"><span class='ocrx_word' id='word_1_287' title='bbox 698 4417 725 4466; x_wconf 91' lang='lat' dir='ltr'>U</span> 
     </span>
    </p>
   </div>
   <div class='ocr_carea' id='block_1_14' title="bbox 0 0 1546 5017">
    <p class='ocr_par' dir='ltr' id='par_1_14' title="bbox 0 0 1546 5017">
     <span class='ocr_line' id='line_1_34' title="bbox 0 0 1546 5017; baseline 0 0"><span class='ocrx_word' id='word_1_288' title='bbox 0 0 1546 5017; x_wconf 95' lang='lat' dir='ltr'><strong> </strong></span> 
     </span>
    </p>
   </div>
  </div>
 </body>
</html>
