3084 5017
226 494 272 555 20
651 492 700 553 M.
726 488 769 553 A.
795 488 981 554 PLAUTI

228 691 315 766 ΜΕ.
327 688 493 787 Concede
508 690 581 765 huc
596 718 618 765 a
634 689 780 765 foribus.

757 814 834 887 ΡΕ.
861 813 960 888 Fiat.

866 943 951 1015 ΜΕ.
977 940 1103 1016 Etiam
1121 939 1272 1015 concede
1286 936 1368 1013 huc.

1134 1138 1136 1141 .
1196 1068 1270 1162 ΡΕ.
1298 1066 1413 1139 Licet.

227 1194 457 1270 Mundam
480 1220 578 1272 nunc
600 1193 751 1270 concede
776 1193 942 1269 audacter
967 1196 1012 1269 ab
1036 1195 1180 1269 leonino
1205 1220 1301 1267 cavo.

226 1325 302 1397 ΡΕ.
330 1321 419 1397 Heu
436 1321 561 1421 edepol
578 1348 631 1395 nae
644 1332 698 1407 tu,
713 1331 756 1395 ut
769 1347 835 1420 ego
849 1323 984 1421 opinor,
1001 1347 1094 1396 esses
1107 1322 1262 1419 agitator
1276 1317 1412 1417 probus.

227 1448 315 1521 ΜΕ.
330 1446 517 1532 Quidum?
1118 1422 1129 1429 η

495 1572 571 1646 ΡΕ.
590 1572 652 1648 Ne
664 1584 702 1649 te
715 1600 806 1648 uxor
820 1585 998 1673 sequatur,
1016 1584 1190 1673 respectas
1205 1573 1411 1648 identidem.

226 1700 317 1775 ΜΕ.
330 1699 402 1775 Sed
419 1698 601 1797 quiduis?

350 1826 426 1899 ΡΕ.
441 1824 597 1923 Egone?
615 1824 655 1897 id
667 1824 776 1910 enim,
787 1823 882 1922 quod
894 1834 937 1898 tu
947 1826 1011 1912 vis,
1024 1826 1064 1899 id
1073 1826 1129 1899 aio
1142 1835 1250 1923 atque
1263 1825 1302 1898 id
1313 1847 1409 1921 nego.

227 1954 314 2029 ΜΕ.
325 1952 471 2050 Ecquid
488 1963 539 2025 tu
555 1951 600 2023 de
623 1949 729 2026 odore
752 1952 876 2050 possis,
901 1950 1040 2048 siquid
1065 1951 1157 2027 forte
1179 1951 1350 2037 effeceris,
1375 1956 1410 2017 86
1506 2050 1507 2055 Ἰ

327 2081 459 2153 Facere
476 2080 742 2175 conjecturam?
1245 2153 1248 2161 ,

732 2203 809 2279 ΡΕ.
833 2203 988 2303 Captum
1005 2208 1041 2279 si
1057 2208 1126 2282 siet
1142 2206 1355 2306 conlegium.

227 2330 512 2446 MnAgedum,
553 2329 698 2404 odorare
728 2329 832 2416 hanc,
873 2356 979 2428 quem
1011 2358 1079 2430 ego
1106 2331 1230 2419 habeo,
1264 2333 1410 2432 pallam:

477 2454 575 2541 Quid
599 2455 674 2529 olet
682 2454 959 2531 i-Abstines?

597 2690 623 2721 v.
636 2674 675 2721 87.
699 2674 738 2722 V:
757 2674 858 2733 Captum
871 2673 903 2722 sit
915 2675 1051 2735 conlegium.

224 2870 323 2930 media
348 2889 418 2948 pars
443 2867 579 2929 mimalia
604 2876 658 2927 est
691 2868 795 2926 Laus.
887 2878 934 2931 84.
973 2870 1323 2951 Respectacideotidcm.]
1341 2869 1411 2947 Agi-

223 2968 323 3026 Intell.
337 2968 402 3045 jam
419 2964 659 3045 pomeridianum
677 2973 797 3042 tempus
845 2975 923 3025 tator
945 2967 978 3024 in
998 2966 1077 3025 ludis
1099 2967 1290 3027 Circensibus
1309 2966 1412 3027 identi·
1508 2998 1509 3007 κ

224 3065 394 3125 advenisse:
416 3073 462 3122 est
476 3062 558 3121 enim
571 3061 704 3119 meridies
719 3062 797 3119 nihil
845 3060 914 3120 dem
927 3061 1049 3139 respicit
1060 3081 1111 3120 eos
1124 3062 1177 3139 qui
1189 3081 1270 3140 pone
1283 3070 1413 3123 currunt.

224 3160 310 3219 aliud
329 3178 420 3238 quam
440 3156 585 3228 medidies,
608 3157 690 3235 [Cic
710 3158 794 3216 Orat
846 3156 893 3215 Ita
919 3156 1124 3216 Menaechmus
1149 3160 1346 3235 respectabat,
1376 3156 1412 3214 ti·

224 3256 291 3333 47.]
310 3255 330 3332 i.
343 3276 370 3313 e.
394 3253 513 3323 medius,
536 3273 589 3312 seu
613 3248 795 3324 dimiiliatus,
844 3272 929 3312 mens
954 3274 994 3312 ne
1019 3254 1056 3312 ab
1080 3273 1172 3312 uxore
1194 3256 1412 3334 conspiceretur

225 3352 293 3411 dies.
333 3350 403 3409 Vid.
424 3350 521 3408 Gloss.
612 3405 615 3411 ,
844 3345 954 3424 pallam
973 3346 1040 3425 ejus
1058 3345 1191 3405 indutus,
1230 3348 1335 3408 Luna.

261 3532 303 3544 ·-
340 3495 503 3574 Mortuos]
543 3493 625 3552 Citat
645 3493 794 3553 Turenum.
884 3458 931 3567 ⁸6:
971 3457 1095 3568 'Quid’
1110 3458 1184 3539 etc·]
1210 3461 1413 3541 Numquidtu

224 3591 297 3650 stag
318 3590 390 3648 ΒΗ..
409 3588 477 3649 Lib·
490 3586 546 3646 Ν.
843 3572 949 3631 poss1s,
964 3574 989 3613 sr
1003 3574 1093 3632 quam
1105 3572 1169 3611 rem
1179 3555 1257 3615 forte
1270 3558 1412 3627 olfeceris,

845 3667 912 3725 quae
932 3668 980 3707 res
999 3669 1035 3708 ea
1057 3648 1104 3718 sit,
1128 3668 1166 3706 ex
1187 3650 1279 3710 odore
1300 3653 1413 3733 conjec-

236 3738 252 3759 “
262 3736 319 3785 Jam
328 3737 435 3781 moriente
443 3734 481 3781 die
487 3731 567 3792 rapuit
573 3746 612 3779 me
622 3731 795 3793 coencbenigni
843 3752 942 3801 turam
961 3744 1081 3804 facere?
1121 3742 1225 3804 Lm,

280 3808 396 3856 dercu.
883 3862 930 3920 87.
973 3855 1096 3935 Captum
1112 3854 1139 3913 ci
1156 3856 1211 3915 ciet
1227 3858 1412 3941 conlegium]

262 3954 309 4005 88.
348 3946 477 4006 Leonico
489 3946 587 4026 cavo]
610 3945 721 4003 ‘From
733 3947 794 4008 this
843 3949 979 4033 Primum
997 3972 1029 4010 se
1041 3971 1254 4029 responsurum
1271 3958 1346 4018 dicit
1361 3980 1412 4039 pa-

221 4039 323 4098 Lion's
336 4040 413 4099 den?
450 4043 480 4100 A
496 4040 641 4120 spelunca
656 4041 775 4101 leonina
781 4067 792 4115 3
842 4047 950 4106 rasitus
971 4068 1034 4105 cum
1055 4044 1237 4126 auguribcs;
1263 4074 1343 4127 mox,
1367 4057 1410 4114 in·

219 4137 250 4194 h.
263 4157 288 4194 e.
312 4135 400 4195 domo
420 4160 494 4209 mea,
517 4139 571 4198 ubi
592 4150 793 4199 commoratur
841 4150 938 4200 stante
965 4143 1066 4210 altero,
1099 4144 1198 4220 palam
1222 4150 1409 4225 pronunciat,

223 4251 307 4299 uxor,
331 4252 397 4327 quae
417 4244 462 4294 est
478 4235 554 4293 mihi
571 4235 665 4292 instar
682 4234 791 4295 leaenoe.
840 4234 917 4311 quid
943 4236 999 4294 ribi
1020 4235 1156 4298 videatur
1181 4238 1220 4297 de
1245 4242 1304 4302 ista
1325 4244 1410 4323 pallo.

221 4327 325 4385 Lanu.
397 4328 399 4334 '
842 4330 967 4393 Borrru.
