3084 5017
277 447 342 514 160
692 447 1007 514 GLOSSARIUM

329 685 380 698 --
433 640 562 740 Neque
588 642 685 716 haud
710 643 907 738 inmerite]
957 653 1035 716 Anu
1054 654 1128 716 that
1150 660 1200 716 too
1227 649 1418 730 dermedly.

273 775 345 833 Tria
357 773 497 852 negativa
507 773 569 832 vim
582 775 755 845 affirmandi,
769 776 815 852 (et
824 775 946 854 quidem
957 774 1169 855 vehementer,)
1179 775 1299 834 habent.
1319 773 1420 851 Neque

272 882 352 941 haud
372 883 556 962 conjunctim
573 883 711 960 legimus,
742 885 811 943 Ter.
830 884 927 943 Andr.
948 886 973 944 Ι.
993 905 1029 944 11.
1047 892 1094 944 34.
1143 884 1276 963 “Neque
1289 894 1323 942 tu
1340 882 1421 941 haud

271 991 361 1062 dices,
381 991 438 1050 tibi
457 1011 517 1050 non
536 992 742 1071 praedietum.''
762 995 816 1054 &e

318 1153 385 1203 281.
434 1133 684 1228 Florentem.].
718 1144 898 1207 Enriched.
938 1148 1081 1219 Divitem,
1100 1147 1221 1217 lautam,
1244 1158 1275 1206 et
1294 1149 1416 1206 beatam

272 1257 322 1317 Sic
342 1258 447 1318 Graece
466 1257 586 1316 Θάλλειν
605 1270 636 1317 et
656 1260 756 1330 α’νθεΐν,
775 1282 831 1340 pro
855 1264 983 1343 εὐτυχεῖν
1003 1283 1055 1322 seu
1075 1260 1254 1343 εὖπράττειν.
1288 1261 1389 1318 LAHB.

317 1403 385 1456 283.
434 1389 527 1463 Tam
546 1387 800 1481 familiariter]
843 1403 884 1460 Η.
898 1424 924 1462 e.
957 1402 1001 1462 Ut
1021 1425 1088 1482 quae
1104 1404 1143 1462 sit
1153 1400 1325 1481 familiaris
1349 1401 1415 1460 mei.
1519 1388 1520 1407 ³

242 1522 246 1530 ·
263 1509 331 1569 Ter.
345 1509 443 1568 Andr.
459 1512 482 1570 I.
498 1531 520 1569 1.
535 1520 599 1582 109.
641 1521 661 1547 “
671 1513 787 1591 Rejeeit
800 1533 831 1572 se
844 1513 875 1570 in
889 1534 958 1572 eum
973 1513 1046 1572 flens
1059 1510 1374 1593 φιαηιῙιιηιίἱὶιινίἰεεν.η

314 1659 383 1711 ess.
430 1643 566 1736 Folia]
609 1654 678 1714 vid.
692 1655 778 1714 Noe.
819 1655 888 1715 Hoc
909 1675 996 1713 sensu
1017 1655 1167 1724 translate,
1185 1653 1279 1731 Apul.
1298 1651 1374 1710 Met.
1389 1660 1413 1710 1.

268 1759 381 1821 “Folia
402 1762 572 1831 summis,
594 1774 625 1821 et
643 1782 733 1840 nugae
753 1763 869 1820 merae.''

313 1923 382 1976 285.
429 1907 582 2000 Praene]
618 1915 664 1976 In
682 1915 887 1995 comperirem
903 1913 993 1975 with.
1033 1917 1147 1996 Amph.
1168 1924 1236 1978 218.
1277 1916 1414 1973 “Parum

265 2027 363 2096 etiam,
374 2036 471 2107 praeut
481 2030 618 2088 futurum
629 2041 674 2089 est
682 2030 854 2108 praedicas.”
877 2029 971 2088 Merc.
980 2037 1045 2099 459.
1069 2037 1090 2063 “
1099 2029 1203 2106 Nugas
1213 2027 1307 2086 fuisse
1317 2024 1413 2093 eredo,

263 2148 359 2218 proeut
372 2161 432 2218 quo
449 2151 537 2218 paeto
550 2162 607 2219 ego
618 2142 753 2201 diversus
763 2142 892 2201 trahor.''
920 2141 988 2200 Ter.
1004 2142 1081 2199 Eun.
1095 2141 1137 2199 ΙΙ.
1149 2160 1199 2198 111.
1210 2151 1238 2210 9.
1267 2139 1414 2197 “Ludum
1519 2214 1520 2219 η

261 2251 425 2330 jocumque
443 2253 535 2312 fuisse
551 2253 638 2312 illum
655 2255 792 2325 alterum,
808 2261 906 2333 proeut
921 2253 1013 2332 hujus
1032 2253 1130 2312 rabies
1150 2274 1217 2331 quae
1238 2253 1349 2312 dabit.”

321 2439 371 2452 -
426 2399 600 2474 Triduom
622 2399 718 2494 hoe]
767 2410 872 2472 These
892 2418 970 2470 next
985 2409 1075 2471 three
1094 2409 1184 2490 days.
1233 2412 1304 2484 Quo
1325 2429 1411 2470 sensu

265 2521 333 2580 Ter.
347 2523 478 2602 Adelph.
495 2524 548 2582 IV.
564 2543 585 2582 1.
600 2533 627 2584 4.
668 2525 742 2584 “Ut
762 2525 859 2585 triduo
879 2525 930 2585 hoc
946 2535 1094 2604 perpetuo
1115 2534 1244 2604 nequeat
1263 2523 1411 2601 surgere.'’

265 2631 341 2708 (For
354 2632 405 2693 the
418 2634 502 2694 three
516 2641 583 2692 next
596 2634 693 2695 whole
706 2635 803 2715 days.)
842 2635 923 2696 Eun.
938 2636 963 2694 Ι.
978 2656 1015 2694 11.
1030 2643 1076 2702 71.
1118 2635 1218 2694 “Sine
1231 2635 1318 2693 illum
1330 2635 1412 2692 hoece

263 2751 378 2829 aliquot
390 2753 454 2812 dies
472 2752 554 2832 apud
571 2755 645 2811 me.”
679 2751 722 2812 Et
736 2753 779 2812 II.
794 2774 828 2812 11.
842 2752 889 2813 46.
923 2753 1012 2812 “Sex
1030 2772 1087 2830 ego
1103 2761 1134 2811 te
1149 2752 1411 2811 totoshosmenees

261 2862 397 2940 quietum
409 2862 559 2923 reddum?
588 2862 708 2921 Phorm.
722 2865 780 2921 ΙΙΙ.
791 2884 819 2921 v.
832 2871 859 2922 5.
888 2864 1043 2942 “Nequeo
1057 2873 1086 2921 te
1100 2882 1230 2932 exorare,
1246 2874 1281 2921 ut
1292 2881 1410 2920 maneas

261 2973 388 3033 triduum
401 2973 479 3034 hoc?
500 2977 552 3034 &e
594 2975 642 3034 De
654 2985 789 3054 tempore
801 2985 901 3034 autem
917 2974 1076 3054 preterito,
1091 2974 1190 3053 Supra
1202 2983 1250 3034 28.
1265 2996 1315 3052 qu.
1330 2974 1390 3032 vid.

310 3124 378 3184 286.
424 3115 605 3192 Eleeebrae
623 3121 858 3217 argentaria]
895 3126 1018 3208 Money
1031 3147 1204 3210 epemgere.
1243 3132 1316 3190 ”Ab
1329 3131 1406 3189 elice

260 3237 332 3294 ende
345 3246 465 3315 argento
477 3237 597 3297 dictae.“
617 3239 733 3299 Festus.
754 3241 833 3300 Vide
843 3242 874 3299 in
885 3263 914 3300 v.
924 3241 991 3309 267.
1013 3242 1122 3302 Bacch.
1133 3249 1199 3312 900.
1223 3241 1407 3301 “Eeleeebra
1520 3328 1521 3333 ἵ

261 3349 312 3408 fiet
332 3347 421 3406 hodie
441 3369 513 3408 auro
531 3349 635 3409 senis.”
659 3359 742 3412 1122.
766 3353 896 3412 “Probri
910 3353 1084 3433 perleeebroe
1105 3364 1136 3413 et
1154 3355 1378 3432 persuatrices.''

307 3521 375 3581 287.
424 3505 509 3579 Sine
526 3531 583 3580 Ine
600 3503 720 3597 1111111]
763 3520 900 3580 Sinedum
919 3541 973 3600 per
989 3515 1089 3581 'mesin
1105 3521 1299 3600 disjungitur.
1328 3524 1410 3584 Vide

258 3635 291 3694 in
310 3657 339 3696 v.
360 3643 406 3696 88.

317 3817 368 3830 -
421 3775 507 3850 Tibi
525 3773 634 3868 (1111),]
678 3788 761 3848 Infra
780 3797 845 3861 598.
876 3793 962 3852 Cure.
979 3802 1043 3853 511.
1079 3792 1193 3855 “Heus
1211 3807 1263 3856 tu:
1283 3797 1337 3857 tibi
1348 3820 1406 3878 ego

259 3894 365 3955 dieo!”
405 3895 521 3956 Burrus:
551 3898 589 3957 ad
610 3897 729 3957 Petron.
751 3898 813 3958 Sat.
836 3902 907 3980 Cap.
930 3901 986 3972 64;
1015 3903 1065 3973 ait,
1089 3904 1254 3965 ”Formulu
1277 3918 1405 3967 estnon

258 4007 348 4064 modo
364 4009 529 4080 excitantis,
550 4005 603 4086 [ut
616 4009 686 4069 Ter.
701 4009 777 4069 Hec.
793 4011 845 4069 IV.
861 4031 882 4070 1.
897 4013 944 4091 8.]
985 4014 1043 4074 Sed
1058 4024 1088 4073 et
1100 4015 1283 4096 increpantis
1297 4031 1327 4079 et
1343 4030 1403 4079 sto-

259 4115 457 4176 machabundi
466 4128 499 4176 :“
513 4129 543 4178 et
556 4120 628 4179 citat
642 4119 758 4178 Phaedr.
773 4120 847 4180 Fab.
862 4122 916 4181 IV.
928 4142 995 4181 x1x.
1012 4131 1056 4183 18.
1092 4135 1113 4161 “
1122 4125 1189 4184 Tibi
1201 4128 1275 4201 dieo,
1289 4134 1403 4191 avere?

262 4217 319 4277 Ov.
333 4223 406 4282 Met.
423 4225 477 4286 lx.
495 4236 558 4287 121.
599 4235 620 4263 “
632 4226 708 4299 Tibi,
731 4229 826 4289 Nesse
844 4230 990 4301 biformis,
1011 4231 1159 4294 dicimus?
1298 4217 1303 4226 ⁶
