3084 5017
524 435 849 501 MENAECHMEI.
1216 441 1279 505 101

101 631 180 704 ME.
193 628 362 703 Minime.

287 757 392 830 Mms.
408 756 518 830 Nono
529 760 589 830 ibo
602 759 639 830 in
652 759 856 842 tabernam3
872 781 953 830 vasa
964 770 1002 829 et
1011 768 1199 855 argentum
1211 762 1280 834 tibi

189 881 373 957 Referam.
409 883 526 960 Recte
551 897 604 959 est
626 887 851 983 obsignatum
869 885 905 955 in
923 882 1044 956 vidulo
1060 887 1281 984 marsupium

110 1101 113 1107 Ι
191 1011 285 1083 Cum
298 1010 446 1083 viatico:
465 1011 503 1084 id
517 1012 583 1083 tibi
593 1013 669 1106 jem
681 1009 752 1083 huo
762 1001 929 1082 adferam.

891 1134 973 1207 ΜΕ.
993 1133 1112 1209 Adfer
1126 1147 1280 1211 strenue.

98 1261 199 1334 Mes.
222 1261 364 1334 salvom
389 1262 467 1346 ern,
481 1262 582 1354 nem
606 1272 647 1335 ut
668 1235 759 1334 mihi
783 1259 925 1345 oense,
949 1258 1149 1336 mommo.
1202 1261 1281 1336 mc

338 1412 396 1459 me
422 1411 535 1460 mane.
1221 1395 1282 1465 936

97 1511 318 1586 MmNimia
347 1513 438 1585 mira
464 1511 554 1586 mihi
582 1510 726 1609 quidem
756 1510 864 1585 hodie
891 1521 1013 1584 exorta
1042 1522 1127 1584 runt
1153 1511 1279 1586 multis

259 1721 262 1726 ¹
338 1636 474 1710 modis:

188 1764 269 1837 Alii
278 1789 336 1837 me
344 1773 479 1861 negant
489 1787 570 1836 eum
581 1789 665 1849 esse,
673 1762 734 1860 qui
746 1787 836 1846 sum,
846 1773 953 1860 atque
962 1761 1159 1838 excludunt
1168 1765 1275 1853 foram

189 1891 296 1966 Socer
318 1901 355 1964 et
374 1890 533 1963 medicus
555 1914 612 1962 me
632 1889 788 1962 insanire
809 1888 946 1964 dieunt.
986 1890 1085 1977 Quid
1104 1893 1161 1979 sit,
1186 1896 1277 1967 mira

340 2027 435 2102 sunt,

188 2142 264 2218 Vel
281 2142 354 2228 ille,
378 2144 440 2240 qui
463 2142 567 2217 modo
591 2167 665 2216 sese
686 2141 827 2214 aiebat
847 2150 968 2238 petere
990 2155 1189 2241 argentum,
1215 2147 1277 2245 qui

341 2294 460 2342 meum
1220 2287 1279 2350 940

189 2396 235 2472 Se
264 2394 369 2468 modo
399 2420 473 2468 esse
496 2394 613 2467 aiebat
640 2417 786 2479 servom,
815 2418 920 2491 quem
951 2419 1016 2492 ego
1043 2395 1147 2468 modo
1174 2397 1276 2472 emisi

243 2579 245 2584 .
338 2544 458 2604 manu,
549 2543 552 2550 ’

186 2645 226 2718 Is
252 2646 303 2718 mi
329 2643 532 2717 adlaturum
556 2668 636 2716 oum
662 2653 810 2741 argento
836 2669 910 2717 sese
935 2645 986 2717 ait
1011 2648 1240 2744 marsupium.

188 2772 236 2848 Id
260 2772 289 2844 si
308 2770 483 2855 attulerit,
509 2769 623 2843 dicam
641 2779 683 2842 ut
706 2795 727 2842 a
744 2795 802 2843 me
824 2771 927 2844 abeat
943 2771 1044 2855 liber,
1071 2796 1140 2867 quo
1158 2771 1273 2858 volet;

184 2895 247 2972 Ne
259 2907 351 2981 tum,
366 2895 507 2993 quando
521 2921 625 2969 sanus
636 2894 750 2969 factus
764 2897 843 2981 siet,
859 2922 880 2969 a
893 2921 950 2969 me
962 2908 1150 2994 argentum
1163 2909 1274 2997 petat.

186 3023 281 3096 Haeo
305 3021 419 3095 nihilo
445 3047 520 3096 esse
544 3020 634 3095 mihi
660 3022 827 3096 videntur
858 3023 970 3096 secius
996 3048 1100 3119 quam
1127 3027 1274 3100 somnia.

185 3147 298 3222 Nunc
318 3149 377 3220 ibo
397 3149 493 3222 intro
516 3148 561 3220 ad
586 3147 678 3223 hano
702 3150 933 3234 meretricem,
960 3172 1174 3247 quamquam
1200 3177 1275 3225 sus·

335 3283 455 3346 censet
479 3272 591 3359 mihi;
1216 3282 1275 3353 946

185 3399 226 3472 Si
253 3423 395 3497 possum
421 3424 574 3484 exorare,
601 3410 644 3473 ut
671 3397 804 3497 pallam
830 3398 968 3484 reddat,
992 3424 1099 3496 quam
1124 3398 1273 3474 referam

334 3522 489 3596 domum.

144 3670 168 3701 v.
181 3654 236 3702 933.
257 3653 362 3709 Minime,
379 3653 419 3702 Ito
432 3655 465 3703 V.
480 3654 516 3702 B:
536 3661 624 3711 autem,
640 3655 766 3702 Memineor
783 3672 845 3703 none
858 3657 903 3712 ibo,
918 3663 965 3704 eto.
979 3662 1004 3702 et
1017 3655 1172 3704 Mmsrmonr
1184 3657 1274 3707 tribuit.

91 3728 139 3776 936.
153 3728 219 3786 Item,
236 3729 271 3775 B:
289 3731 333 3776 ito.
354 3729 402 3777 Pro
419 3730 546 3787 redhibete,
564 3728 628 3778 Libri
647 3730 756 3777 nonnulli
772 3732 874 3784 reddito,
895 3737 923 3777 ut
937 3730 967 3778 sit
982 3737 1031 3777 vet.
1047 3730 1093 3779 sut.
1111 3747 1153 3790 pro
1172 3735 1274 3781 rodoam.

93 3802 142 3864 [Ita
155 3803 218 3852 huno
232 3804 313 3852 locum
327 3803 384 3852 citat
399 3803 502 3861 Nonius,
518 3804 580 3864 Cap.
592 3803 653 3852 VII.
667 3805 705 3852 75.
720 3812 743 3852 et
757 3805 838 3853 Cario.
854 3804 917 3852 Ruri
929 3803 1043 3866 reddito]
1074 3807 1126 3854 940.
1142 3806 1194 3866 Ille,
1210 3809 1274 3868 prior

91 3880 144 3938 syll.
157 3881 242 3941 eorrip.
257 3882 342 3938 aiebat,
358 3895 387 3928 ex
403 3878 503 3938 oonjeot.
517 3878 613 3926 Bothei.
642 3879 696 3928 94³.
713 3881 761 3938 Me,
776 3896 823 3928 non
838 3879 895 3930 elid.

127 3991 192 4054 933.
232 3981 384 4062 Minime]
407 3983 455 4040 lta
468 4001 568 4042 secum
583 4002 653 4060 sup·
743 3993 810 4054 944
844 3985 971 4063 Sanun]
989 3985 1082 4045 Nunc
1095 3987 1175 4046 enim
1189 3989 1271 4049 Mer-

90 4099 188 4156 pressa
201 4100 274 4138 voce
287 4079 330 4137 ait
344 4079 558 4147 Menaechmus,
573 4079 656 4137 houd
704 4079 855 4138 senionem
881 4078 1019 4136 insanum
1045 4098 1109 4138 esse
1132 4101 1194 4140 non
1220 4087 1272 4144 ab·

90 4174 197 4234 mirum
212 4176 293 4235 enim
310 4174 336 4233 si
348 4173 500 4233 hominem
518 4174 654 4252 ignotum
704 4176 793 4234 surde
816 4175 946 4254 conjicit,
973 4186 1008 4234 ut
1031 4177 1083 4253 qui
1108 4199 1139 4237 re
1165 4179 1272 4242 herum

92 4272 167 4333 domi
181 4295 240 4334 suae
254 4274 333 4334 alere
347 4273 430 4331 nolit.
705 4292 793 4330 suum
813 4273 922 4331 eredat
962 4274 1085 4332 Bonan.
