3084 5017
249 485 313 546 124
660 485 965 548 GLOSSARIUM

689 743 931 751 ———

291 905 318 944 v.
334 894 360 944 1.
384 875 408 938 J
411 877 597 964 maurus]
618 879 689 942 The
706 900 820 961 youug
835 899 918 942 meu.
955 879 1015 937 Pro
1020 879 1152 956 juvenes.
1175 875 1294 933 Poenul.
1307 882 1391 941 1037.

246 998 325 1060 “Ab
343 1001 497 1078 juveutute
522 999 682 1060 inridiculo
708 1001 846 1060 habitael’
879 996 993 1076 Amph.
1012 1002 1041 1054 2.
1078 988 1273 1051 “Juveututis
1295 987 1397 1046 mores*

246 1112 300 1191 qui
328 1111 445 1170 sciam.”
493 1111 568 1169 Hor.
591 1113 647 1191 Ep.
665 1111 690 1169 I.
710 1131 747 1170 11.
765 1119 813 1182 29.
866 1110 933 1167 “In
959 1116 1027 1167 cute
1054 1102 1185 1164 curanda
1209 1101 1280 1179 plus
1305 1119 1394 1176 aequo

245 1230 366 1299 operata
384 1223 552 1300 juventus.'’
573 1223 626 1280 &o
669 1221 720 1280 Sic
745 1227 910 1300 paupertas
934 1237 991 1296 pro
1012 1232 1168 1294 pauperes,
1193 1209 1297 1268 Aulul.
1328 1207 1391 1270 163.

246 1333 392 1393 Servitute
410 1353 466 1412 pro
486 1333 586 1404 servia,
610 1333 722 1413 Amph.
746 1341 792 1392 18.

297 1544 347 1556 -
375 1496 507 1588 Fecit]
550 1501 647 1565 Gave.
688 1509 876 1568 1111101021.
897 1504 981 1565 1026.
1001 1523 1058 1582 pro
1077 1499 1172 1564 deuia
1197 1497 1302 1556 rariori
1324 1515 1393 1563 usu,

246 1649 335 1707 quem
356 1637 456 1686 tamen
480 1627 562 1705 apud
583 1628 710 1704 optimos
738 1626 895 1704 scriptores
921 1622 1053 1701 reperire
1074 1629 1128 1678 est
1148 1616 1215 1674 Liv.
1236 1614 1305 1672 Lib.
1321 1612 1346 1669 Ι.
1365 1619 1395 1670 3.

246 1736 449 1815 “cognomen
476 1735 545 1796 colli
561 1733 667 1812 ficit?
713 1733 909 1812 Virg.G.I.
932 1739 997 1798 137.
1044 1726 1173 1786 “Stellis
1197 1741 1338 1782 numeros
1364 1729 1396 1778 et

245 1846 359 1907 uomina
368 1845 472 1926 fecit?
511 1846 568 1904 IV.
582 1854 648 1913 271.
684 1846 769 1903 “Cui
788 1865 886 1903 nornen
903 1842 1009 1901 amello
1025 1839 1157 1897 Fecere.'’
1191 1836 1248 1894 Ov.
1262 1834 1354 1891 Trist
1367 1831 1393 1888 Ι.

247 1968 273 2018 1.
289 1965 335 2029 89.
369 1958 502 2021 “Icarus
522 1957 626 2016 Icariis
648 1957 760 2015 uomina
774 1955 853 2035 fecit
874 1955 986 2033 aquis.”
1031 1953 1112 2010 Fast.
1126 1949 1183 2007 VI.
1197 1946 1264 2007 461.
1299 1945 1396 2003 “Sibi

246 2069 361 2128 Brutus
385 2089 550 2147 cognomen
559 2067 665 2146 ficit?
699 2069 811 2127 Contra
824 2067 902 2126 dedit
913 2088 970 2146 pro
976 2065 1064 2145 feeit,
1085 2061 1395 2141 virg.AEn.11.4se.

247 2177 434 2256 “Ingentem
453 2178 514 2236 lato
534 2177 611 2238 dedit
632 2197 682 2240 ore
702 2178 887 2236 fenestram.”

297 2400 347 2411 —
374 2353 576 2445 Peniculo]
618 2366 703 2426 Infra
719 2375 785 2426 201.
800 2375 866 2426 300.
907 2366 1020 2424 Paulus
1034 2366 1066 2422 in
1080 2365 1214 2433 Festum,
1232 2360 1397 2421 ''Peniculi

248 2481 382 2559 spongiae
405 2480 502 2558 longae
526 2491 647 2559 propter
671 2482 896 2541 similitudinem
919 2482 1082 2541 caudarum
1107 2480 1279 2560 appellatae:
1305 2497 1398 2558 peaes

248 2591 329 2650 enim
355 2593 536 2659 vocabantur
563 2592 696 2650 caudae.“
733 2592 771 2651 In
800 2593 877 2651 Rud.
904 2601 972 2663 908,
996 2593 1084 2671 plane
1112 2603 1158 2651 est
1183 2612 1239 2670 pro
1261 2586 1397 2669 spongia.

249 2697 346 2774 “Ego
372 2705 411 2765 te,
439 2696 524 2774 quasi
546 2695 699 2774 peniculus
718 2717 812 2755 novos
830 2697 970 2774 exurgeri
993 2697 1076 2768 solet,
1103 2696 1148 2754 Ni
1168 2695 1251 2755 hunc
1274 2695 1399 2763 amittis,

248 2809 408 2886 exurgebo,
432 2807 580 2885 quidquid
597 2807 729 2865 humoris
750 2807 808 2865 tibi
828 2809 898 2865 est''
938 2806 1056 2876 Festus,
1077 2803 1239 2864 ”Peniculi
1260 2807 1298 2863 ab
1318 2805 1399 2863 anti-

248 2920 316 2999 quis
339 2922 531 2989 vocabantur,
559 2919 644 2997 queis
668 2919 860 2978 calciamenta
882 2927 1046 2996 tergentur,
1069 2917 1150 2996 quod
1176 2937 1193 2975 e
1217 2915 1320 2974 caudis
1343 2936 1398 2974 ex-

246 3029 349 3089 tremis
375 3029 523 3088 faciebant
546 3028 671 3105 antiqui,
699 3028 752 3105 qui
774 3037 926 3105 tergerent
951 3048 1001 3085 ea:
1029 3026 1142 3085 dictum
1165 3035 1211 3083 est
1232 3025 1358 3082 forsitan
1379 3045 1400 3082 a

243 3115 440 3221 peudeuclo.“¹
464 3138 526 3198 Sed
545 3149 575 3198 et
594 3138 658 3196 aliis
679 3138 783 3197 usibus
801 3157 1016 3214 nonnunquam
1036 3136 1225 3206 inserviebat,
1245 3135 1328 3214 quod
1347 3136 1401 3193 vel

246 3271 284 3311 ex
300 3251 368 3308 Ter.
384 3250 461 3307 Eun.
473 3247 529 3306 IV.
541 3268 597 3307 v11.
611 3258 637 3316 7.
651 3259 784 3327 apparet,
806 3248 867 3306 ΤΗ.
883 3257 903 3282 “
912 3248 1078 3307 Peniculou'
1092 3268 1236 3327 pugnare,
1251 3249 1305 3325 qui
1318 3249 1399 3307 istuc
1452 3291 1462 3304 .

245 3363 307 3421 hue
327 3370 437 3440 portes,
460 3360 592 3438 cogitas?
624 3362 653 3420 S.
672 3362 796 3439 Egone?
824 3361 1009 3439 imperatoris
1029 3361 1171 3420 virtutem
1190 3382 1340 3433 noveram,
1364 3373 1401 3421 et

247 3477 310 3535 vim
332 3475 471 3544 militum,
497 3473 567 3532 Sine
591 3474 735 3551 sanguine
758 3473 815 3532 hoc
840 3473 904 3530 fieri
925 3493 986 3530 non
1008 3492 1104 3550 posse,
1132 3473 1181 3553 qui
1202 3473 1400 3552 abstergerem

246 3587 393 3647 uulnera.”
433 3584 549 3643 Notum
572 3596 617 3643 est
634 3583 760 3644 Veteres
782 3584 904 3663 spongia
925 3604 995 3641 usos
1016 3603 1080 3642 esse
1101 3584 1138 3642 ad
1159 3605 1277 3643 mensas
1297 3585 1399 3643 deter-

246 3697 376 3776 gendas:
407 3694 497 3752 Hom.
521 3692 579 3750 Od.
602 3693 670 3750 XX.
697 3701 759 3752 151.
813 3697 851 3750 Αἱ
874 3692 903 3750 δὲ
927 3691 1114 3765 σπόγγοισι
1134 3694 1280 3774 τραπέζας
1302 3692 1400 3752 πάσαν

247 3805 458 3888 ἀμφιμάσασθε.
499 3806 545 3863 Ex
565 3805 622 3863 hoc
642 3806 735 3863 verbo
753 3805 899 3865 formatur
915 3805 1080 3885 penicillus,
1103 3807 1229 3885 Anglice
1245 3807 1351 3887 peucil.

306 3997 335 4049 2.
374 3972 589 4076 Detergeo]
622 3984 712 4065 Wipe
727 3984 842 4056 eleum
866 3986 954 4046 clear
970 3984 1023 4046 tlte
1039 3984 1132 4047 table.
1164 3991 1262 4052 Probe
1272 4003 1397 4071 terge03

248 4129 314 4186 quae
328 4116 373 4166 est
386 4107 431 4165 vis
444 4104 662 4184 praepositionis
680 4106 724 4175 de,
739 4116 773 4163 ut
786 4106 818 4163 in
831 4106 975 4178 demirari,
988 4107 1092 4185 [Infra
1104 4106 1190 4188 fios]
1210 4108 1398 4184 debacchari,

248 4219 389 4288 dealbare,
408 4217 550 4287 deamata,
570 4219 623 4276 &o
658 4217 774 4276 Eadem
791 4239 863 4278 voce
882 4220 913 4278 in
931 4220 1044 4298 Amph.
1062 4241 1134 4279 usus
1150 4231 1195 4280 est
1212 4243 1304 4283 sensu
1323 4244 1397 4284 con-

249 4327 337 4388 simili
347 4350 356 4397 3
402 4326 536 4384 “Omnis
556 4326 648 4385 lancis
671 4327 825 4405 detergam,
847 4331 941 4390 omnis
960 4331 1064 4391 trullas
1083 4331 1245 4391 hauriam.''
