3084 5017
280 472 319 543 iv
724 496 984 549 1111111110.

280 679 465 755 moturus,
497 670 610 767 quasi
644 670 760 745 Tanti
788 673 969 747 Auctoris
1000 674 1155 747 nomine
1183 672 1257 747 hac
1284 684 1419 747 mente

278 825 374 876 usus
399 803 562 891 viderer,
590 829 668 905 quo
694 804 849 879 facilius
871 830 996 905 nugas
1023 831 1130 881 meas
1156 807 1418 882 extruderem.

278 937 453 1037 AEquior,
474 940 602 1027 credo,
629 941 768 1016 Lector
791 942 1000 1042 judicabit,
1030 968 1103 1031 me,
1136 944 1176 1017 in
1202 942 1276 1018 hoc
1299 968 1418 1043 opere

277 1071 537 1170 suscipiendo,
560 1074 661 1147 sicut
687 1058 1056 1173 Exemplar'meum
1079 1076 1160 1151 ullo
1185 1075 1299 1149 modo
1322 1099 1416 1149 con-

277 1202 388 1300 sequi
423 1227 537 1301 posse
568 1204 824 1303 desperarem,
852 1207 918 1292 ita,
951 1205 1045 1279 dum
1079 1203 1198 1305 hujus
1225 1203 1414 1301 vestigiis

276 1336 456 1433 quamvis
483 1362 555 1412 nec
584 1338 708 1436 aequis
736 1338 929 1437 passibus,
961 1350 1000 1411 et
1032 1338 1259 1435 longissimo
1294 1337 1413 1411 inter-

273 1468 387 1556 vallo,
421 1470 600 1544 insistere
633 1481 795 1545 conatus
831 1471 917 1557 sim,
958 1470 998 1544 id
1033 1469 1130 1544 mihi
1171 1469 1411 1569 promisisse,

273 1629 336 1678 me
362 1629 518 1704 quoque
543 1605 830 1703 aliquantulum
847 1604 1046 1705 juventuti
1069 1602 1253 1678 studiosae‘
1273 1601 1412 1676 auxilii

273 1735 347 1812 hoc
373 1739 489 1837 pacto
515 1740 735 1814 allaturum.
789 1737 921 1812 Habet
938 1712 1044 1811 enim
1067 1749 1106 1812 et
1130 1736 1309 1822 Plautus
1332 1761 1410 1809 non

272 1870 361 1945 illas
391 1872 549 1970 quidem
577 1871 821 1971 AEschyleas,
846 1870 915 1945 sed
939 1894 1029 1945 suas
1049 1868 1155 1944 haud
1177 1868 1411 1968 perexiguas

272 2002 546 2094 difficultatcs3
580 2004 768 2078 habetet
802 2002 866 2076 hic
897 2001 1074 2078 nonnihil
1105 2001 1326 2089 ‘salebrosi
1359 2027 1410 2077 ex

270 2138 413 2235 linguae
443 2138 693 2211 insolentia*
718 2137 949 2226 oriundum3
980 2136 1098 2211 habet
1122 2136 1331 2211 ‘vocabula
1359 2162 1409 2209 ex

271 2271 409 2346 ultima
452 2272 684 2369 antiquitate
728 2272 905 2371 repetita,
954 2271 1176 2368 multasque
1219 2270 1408 2345 dictiones
1514 2312 1515 2315 ¹

270 2430 315 2479 ac
343 2403 529 2478 formulas
558 2404 756 2502 loquendi,
793 2428 890 2502 quas
925 2404 1067 2478 frustra
1100 2403 1194 2477 alibi
1226 2407 1405 2502 quaeras.’

270 2537 411 2635 ltaque
453 2537 502 2611 ad
552 2537 636 2611 haec
679 2537 967 2636 complananda
1007 2562 1200 2612 summam
1243 2536 1405 2613 adhibui

268 2675 535 2773 diligentiam:
564 2675 682 2773 idque
706 2676 747 2748 in
770 2675 957 2772 glossario
980 2676 1178 2776 praecipue
1206 2677 1405 2751 exarando
1513 2695 1514 2743 1

268 2808 364 2882 mihi
399 2809 641 2907 propositum
675 2807 759 2894 fuit,
798 2819 842 2881 ut
875 2832 989 2882 suum
1025 2808 1139 2906 quasi
1168 2821 1403 2883 commenta-

267 2940 407 3014 riolum
444 2940 610 3014 Plautus
646 2939 741 3037 ipse,
783 2940 850 3013 ubi
893 2938 978 3013 fieri
1015 2951 1156 3039 posset,
1199 2941 1401 3039 praeberet‚

266 3073 456 3172 exemplis
499 3072 682 3145 nimirum
731 3072 823 3145 hinc
870 3071 978 3146 illinc
1022 3097 1071 3146 ex
1115 3072 1276 3170 reliquis
1317 3075 1403 3174 ejus
1512 3072 1513 3115 1

266 3206 409 3281 fabulis
442 3206 492 3279 ad
531 3205 633 3278 hanc
677 3217 849 3279 nostram
883 3203 1157 3279 illustrandam
1192 3207 1400 3303 congestis.

263 3339 329 3414 Ad
375 3338 481 3437 quod
525 3363 623 3438 opus
662 3337 922 3423 efficiendum,
972 3338 1088 3413 Parei
1130 3339 1314 3427 Lexicon‚
1362 3352 1402 3414 et

264 3442 456 3547 Gronovii
492 3472 696 3546 Lectiones
727 3470 947 3558 Plautinas
983 3494 1137 3546 summa
1171 3471 1292 3546 habui
1332 3473 1399 3548 ad·
1468 3454 1471 3459 ⁵

258 3613 452 3712 jumenta.
517 3598 566 3681 In'
597 3608 718 3682 Notis
761 3607 1056 3682 conscribendis
1090 3609 1326 3685 Lambinum
1361 3613 1400 3685 in
1511 3580 1512 3667 1

263 3744 400 3843 primis
448 3753 603 3817 secutus
651 3765 749 3826 sum,
812 3754 851 3815 et
901 3740 977 3816 huc
1027 3742 1191 3817 aliorum
1242 3769 1399 3844 quoque

262 3880 562 3965 observationes,
626 3878 659 3951 si
719 3876 813 3975 quid
872 3877 1092 3975 legentibus
1154 3877 1399 3976 profuturnm

262 4014 454 4100 duxerim,
504 4012 650 4112 passim
693 4011 833 4111 adjeci,
882 4010 1026 4109 quibus
1075 4036 1182 4086 meas
1230 4011 1400 4112 denique
1510 4028 1511 4035 ’

262 4149 533 4224 annotationes
564 4146 628 4219 hic
663 4145 742 4218 illic
772 4144 995 4219 intertexui.

458 4331 474 4365 *
495 4298 574 4389 Vide
594 4301 764 4389 Blomfieldi
785 4330 904 4389 Praefat.
925 4331 964 4390 ad
981 4328 1081 4389 AEsch.
1103 4329 1201 4387 Prom.
