3084 5017
184 472 228 538 oo
602 452 660 538 M.
684 477 727 539 A.
753 475 938 541 ornum

283 670 350 745 Me
362 672 425 745 isti
437 697 509 744 non
521 681 678 745 nutasse.

615 796 685 867 ΡΕ.
704 792 832 869 Credit
838 801 915 894 jam
927 798 995 870 tibi
1008 797 1053 871 de
1065 798 1157 883 ist03
1174 796 1261 869 illuc
1270 794 1364 868 redi!

185 918 271 992 ΜΕ.
285 920 370 1007 Quo
383 920 524 993 redeam
538 923 631 1017 ego?

275 1121 278 1129 ,
347 1045 417 1117 ΡΕ.
429 1043 612 1140 Equidem
623 1045 668 1118 ad
678 1044 912 1143 phrygionem
920 1069 1054 1129 censeo,
1067 1054 1104 1117 et
1113 1043 1244 1141 pellem
1254 1040 1364 1115 refer!

185 1168 271 1243 ΜΕ.
285 1170 378 1258 Quae
388 1170 588 1267 istaeopalla
598 1174 679 1244 est?

354 1296 442 1369 ΜΕ.
454 1294 672 1392 Taceojam3
692 1296 834 1394 quaudo
844 1294 986 1369 hierem
997 1321 1068 1369 non
1078 1295 1243 1368 meminit
1253 1319 1363 1367 suam.

185 1422 270 1495 ΜΕ.
284 1421 385 1495 Num
409 1424 488 1520 quie
512 1447 688 1495 servorum
713 1422 895 1519 deliquit?
919 1447 1006 1495 num
1030 1420 1166 1495 aneillae
1189 1432 1252 1495 aut
1275 1420 1366 1493 servi

430 1548 499 1620 tibi
687 1608 690 1613 .
1308 1559 1365 1611 522

282 1670 538 1769 Responsant?
566 1673 755 1769 Eloquere.
784 1673 1009 1769 Inpunenon
1022 1673 1101 1745 erit.

296 1773 307 1785 ⁸
1041 1796 1116 1868 ΡΕ.
1136 1794 1263 1893 Nugas
1277 1795 1364 1893 agis.

185 1922 269 1996 ΜΕ.
285 1923 418 1998 Tristis
429 1925 621 1999 admodum
635 1952 682 2000 es.
708 1924 793 1998 Non
804 1926 854 1998 mi
867 1926 959 1999 iotuo
971 1924 1056 1997 satie
1066 1923 1192 2021 placet.
1311 1965 1314 1970 ·

1047 2048 1122 2122 ΡΕ.
1141 2046 1267 2148 Nugas
1278 2052 1365 2147 egis.

183 2176 269 2251 ΜΕ.
284 2176 391 2251 Certe
407 2177 637 2251 familiarium
654 2178 788 2275 aliquoi
804 2180 896 2250 irate
910 2202 957 2249 es.

585 2306 587 2311 '
944 2302 1018 2373 ΡΕ.
1036 2299 1264 2398 Nugaoagis.
1307 2314 1363 2367 525

184 2425 270 2500 ΜΕ.
285 2425 386 2500 Num
400 2425 490 2500 mihi
502 2455 539 2502 es
548 2430 640 2502 irata
653 2428 806 2502 saltem?

795 2553 865 2624 ΡΕ.
883 2550 993 2624 Nune
1005 2561 1048 2624 tu
1061 2574 1133 2622 non
1145 2574 1258 2648 nugas
1273 2551 1361 2647 agis.

183 2673 271 2746 ΜΕ.
285 2673 371 2747 Non
383 2675 506 2772 edepol
518 2675 652 2774 deliqui
665 2678 870 2775 quidquam.

677 2801 753 2875 ΡΕ.
772 2800 885 2886 Hem,
898 2823 1037 2873 rursum
1045 2822 1265 2895 nunonugos
1275 2798 1361 2895 agis.

219 3000 244 3031 v.
258 2984 311 3031 524.
332 2983 401 3041 Soti',
419 2984 509 3045 [Supra
524 2982 572 3043 le]
603 2985 657 3033 525.
673 2985 776 3045 Aliquot,
791 2982 858 3031 litera
873 2984 881 3028 ἰ
897 2989 990 3029 tontum
1003 2980 1059 3028 elid.
1076 2981 1151 3043 [Vide
1163 2981 1241 3041 Supra
1254 2980 1319 3041 376]

221 3144 286 3206 519.
328 3134 377 3193 De
390 3135 471 3213 isto]
499 3136 619 3214 Nempe
639 3136 677 3195 de
693 3158 745 3195 nu·
796 3134 862 3215 prio
884 3154 974 3193 sensu
993 3133 1077 3209 (non,
1097 3144 1133 3192 ut
1152 3155 1241 3194 versu
1259 3137 1362 3214 priori,

181 3230 277 3300 tando,
291 3240 344 3291 aut
356 3230 492 3289 uiolando
505 3230 595 3289 mihi:
611 3231 663 3290 sed
677 3230 746 3290 illuc
797 3227 965 3304 translato)
987 3238 1156 3306 usurpatur.

182 3328 226 3405 (h.
240 3349 265 3387 e.
289 3329 328 3387 ad
350 3327 441 3405 illud)
464 3326 527 3384 redi
534 3349 548 3393 ;
575 3348 684 3406 nempe
708 3328 746 3387 de

179 3421 258 3501 palla
271 3441 308 3480 ex
326 3420 415 3478 domo
431 3429 576 3497 surrepta.
617 3420 667 3479 sic
681 3419 745 3478 Cis·
960 3470 967 3485 ‚
1086 3471 1093 3484 ·

179 3515 242 3574 tell,
257 3514 323 3574 335⁸
797 3483 857 3541 tur,
876 3472 1015 3530 fer-omer
1035 3480 1066 3529 et
1084 3483 1279 3533 irreverenter
1299 3494 1361 3534 res·

357 3606 466 3655 “Teneo
481 3608 541 3653 istoc
555 3604 624 3663 sans,
796 3566 938 3645 pondent.
960 3564 1062 3623 Gnou.
1090 3566 1236 3645 Exempla
1248 3567 1317 3627 vide
1329 3570 1362 3627 in

298 3684 344 3732 Sed
359 3697 401 3741 ego
415 3682 477 3728 illud
491 3680 597 3740 quaeso.''
798 3659 894 3717 Gloss.

181 3797 221 3854 Et
235 3794 303 3855 Ter.
319 3794 429 3853 Heaut.
444 3791 486 3849 ΙΙ.
501 3812 534 3849 n.
549 3800 595 3851 32.
833 3822 873 3834 —
912 3789 1026 3867 Inpone
1052 3808 1106 3846 non
1133 3786 1216 3867 erit]
1257 3787 1361 3867 ‘They

209 3912 225 3931 “
238 3906 296 3965 Hoc,
312 3908 376 3968 quod
390 3905 463 3964 coepi,
478 3905 581 3964 primum
596 3918 715 3964 enarrem
796 3886 871 3945 shall
895 3896 948 3945 not
972 3886 1011 3944 (10
1037 3907 1070 3944 80
1096 3885 1170 3943 With
1192 3885 1361 3965 impunity.'

238 3984 297 4032 Post
310 3986 370 4030 istoc
385 3980 503 4029 veniam?
797 3980 915 4058 Nempe
930 3980 1008 4039 servi
1027 4000 1079 4038 seu
1099 3978 1222 4048 ancillae,
1244 3980 1268 4037 si
1287 3980 1362 4059 quid

181 4073 258 4132 Vide
272 4073 370 4151 Supra
384 4069 463 4128 Prol.
478 4068 524 4130 56.
796 4075 985 4153 deliquerint,
1006 4087 1058 4134 aut
1074 4075 1130 4134 tibi
1149 4074 1279 4134 oblocuti
1295 4078 1361 4135 fue-

796 4171 865 4242 rint,
885 4170 1057 4249 punientur.

837 3384 902 3436 523.
942 3374 1154 3455 Reoponoant]
1183 3377 1361 3457 Obloquun-

219 4231 283 4285 520.
316 4222 363 4279 Ad
372 4217 590 4300 phrygionem]
612 4216 744 4276 Subaud.

181 4321 264 4387 redi;
285 4319 367 4399 quod
381 4318 505 4378 verbum
522 4316 579 4375 hoc
597 4316 662 4375 loco
672 4333 743 4392 pro·
833 4349 873 4364 -
903 4315 1009 4393 Nugae
1017 4314 1112 4393 agie]
1123 4314 1221 4392 Supra
1229 4314 1361 4375 Proteo.
