3084 5017
533 475 584 538 IN
610 474 937 538 MENAECHMEI.
1230 475 1296 538 125

215 682 244 733 3·
285 665 462 742 Homines
479 671 662 767 captivos.)
704 681 792 741 Hanc
805 682 985 741 locutionem
998 683 1168 759 frequentet
1180 683 1300 742 Noster.

146 794 240 852 Asin.
252 786 318 855 451.
339 796 463 856 Servom
477 798 631 860 hominem..
649 800 739 859 Stich.
754 809 820 860 424
833 799 973 859 Homines
983 801 1121 860 servolos.
1132 801 1207 860 (iaea
1218 803 1252 860 Β.
1261 803 1300 861 G.

148 904 213 964 v1.
232 914 279 966 28.
314 906 453 966 Homines
474 911 681 970 adolescentes.
717 912 785 970 Ter.
804 911 885 970 And.
900 912 937 968 V.
952 932 974 969 1.
988 922 1016 983 9.
1050 912 1170 971 Homini
1185 913 1302 972 adules-

149 1017 285 1075 centulo.
306 1020 359 1087 &c
393 1018 537 1079 Similiter
557 1021 710 1100 Aristoph.
730 1021 828 1102 Ἀνήρ
849 1020 999 1093 ποιητής.

217 1178 246 1228 4.
285 1161 425 1238 Indunt
441 1163 644 1263 conpedes.)
677 1174 761 1256 Clop
776 1195 819 1236 on
826 1175 957 1258 fellere,
973 1196 1009 1237 or
1023 1176 1179 1240 stactes.
1225 1183 1304 1242 Vide

152 1295 257 1354 Gloss.
280 1295 313 1354 in
337 1296 416 1354 Prol.
439 1317 466 1354 v.
486 1304 532 1356 42.
570 1298 654 1376 Capt.
668 1306 715 1358 44.
754 1297 841 1357 “His
859 1297 950 1357 indito
967 1305 1086 1357 catenas
1101 1298 1304 1376 singularias-'⁹

209 1490 259 1503 -
289 1441 501 1540 Conpedes.]
535 1451 627 1514 Πέδαι.
656 1457 784 1516 Vincula
807 1457 917 1535 quibus
935 1457 1025 1536 pedes
1049 1458 1243 1536 captivorum,
1268 1469 1303 1519 ut

153 1573 280 1633 manicoe
293 1574 403 1652 quibus
412 1595 523 1645 manus,
538 1575 753 1634 vinciebantur.
783 1573 895 1631 Tibull.
906 1573 950 1630 II.
961 1592 1004 1631 vr.
1018 1581 1065 1633 25.
1094 1573 1201 1651 “Spes
1214 1574 1303 1632 etiam

154 1684 259 1745 valida
273 1684 384 1743 solatur
394 1685 524 1764 cornpede
537 1686 687 1744 vinctum:
733 1683 830 1741 Crura
843 1695 948 1740 sonant
954 1680 1052 1760 ferro,
1068 1682 1120 1741 sed
1134 1683 1214 1742 canit
1226 1684 1305 1743 inter

154 1797 263 1875 opus.”
297 1793 386 1852 Unde
408 1793 457 1871 [et
477 1813 514 1852 ex
532 1793 589 1852 Ov.
609 1793 668 1870 Ep.
688 1793 772 1850 Pont.
787 1792 812 1849 I.
827 1810 869 1850 v1.
884 1791 949 1868 31.]
966 1801 1090 1869 apparet
1108 1811 1169 1848 non
1187 1802 1304 1850 tantum

155 1907 273 1986 ligneus
295 1903 392 1983 (quod
411 1905 453 1963 ait
472 1903 658 1982 Lambinus),
676 1903 728 1962 sed
747 1912 778 1961 et
790 1900 913 1980 ferreae
931 1902 1024 1960 fuisse
1041 1904 1207 1981 compedes.

220 2081 248 2133 5.
287 2059 440 2153 Nimis]
488 2080 548 2138 Pro
574 2079 676 2143 valde,·
706 2078 817 2156 passim
844 2077 926 2156 apud
955 2078 1102 2137 Nostrum
1109 2103 1119 2151 3
1154 2081 1238 2141 Infra
1259 2091 1306 2142 18.

156 2194 273 2272 Amph.
287 2193 335 2253 62.
349 2191 446 2250 Nimis
457 2191 569 2270 pulcris
582 2191 679 2249 armis.
694 2197 762 2250 350.
777 2188 874 2247 Nimis
887 2190 978 2249 scitus
992 2192 1181 2270 sycophanta.
1216 2195 1305 2253 Most.

157 2307 228 2368 260.
259 2305 357 2364 Nimis
369 2305 459 2365 velim
478 2304 617 2383 lapidem.
639 2306 691 2362 &c
721 2303 865 2361 Similiter
882 2300 955 2375 ἄγαν
972 2314 1002 2364 et
1015 2307 1078 2361 λίαν
1090 2304 1171 2385 apud
1185 2306 1307 2368 Graecos

158 2430 360 2500 usurpantur;
381 2417 480 2477 AEsch.
502 2418 627 2475 Eumen.
645 2424 711 2476 324.
734 2415 794 2473 Οὐκ
809 2414 895 2488 ἄγαν
910 2415 1060 2501 ἐλεύθερος.

222 2573 250 2634 6.
287 2565 349 2638 Ad
365 2563 499 2636 malum
516 2557 682 2650 malum]
722 2569 865 2632 Troable
879 2589 970 2651 upon
987 2572 1119 2634 trouble.
1154 2578 1307 2638 Posterius

158 2695 267 2756 mulum
285 2705 338 2765 est,
363 2693 509 2762 severitus,
531 2691 618 2771 (hard
636 2691 749 2773 usage.)
778 2693 876 2763 Prius,
896 2692 996 2773 iniqua
1014 2694 1156 2753 serviendi
1175 2697 1306 2756 conditio.

158 2805 274 2885 Amph.
289 2811 354 2864 558.
395 2803 550 2881 “Oportet
569 2801 609 2860 ad
627 2803 731 2860 mulum
751 2801 855 2860 malum
876 2803 966 2861 dari.'’

222 2981 250 3041 7·
290 2963 423 3037 Facere
456 2957 650 3059 nequiter]
715 2973 845 3033 Mostell.
873 2981 938 3033 400.
970 2974 1143 3046 “Quamvis
1169 2976 1308 3037 desubito

158 3095 249 3157 facile
272 3103 317 3153 est
330 3091 439 3170 facere
460 3090 615 3170 nequiter.''
649 3090 762 3149 Nostro
782 3091 906 3150 fortasse
927 3092 992 3152 loco
1014 3092 1090 3150 nihil
1112 3094 1194 3152 aliud
1217 3116 1307 3173 quam

77 3285 82 3296 ·
160 3205 277 3284 ignaue,
298 3201 423 3279 segniter
444 3221 541 3280 agere,
565 3200 729 3278 significat3
754 3212 785 3260 et
806 3211 850 3260 est
869 3221 925 3279 pro
945 3221 1068 3271 cessare,
1090 3200 1150 3281 (To
1169 3205 1207 3263 be
1224 3203 1307 3282 idle.)

161 3316 250 3376 Nihil
256 3315 336 3374 enim
345 3314 394 3372 hic
405 3313 442 3372 de
449 3313 604 3391 pravitate,
617 3333 667 3371 seu
677 3313 756 3371 vitiis
765 3332 927 3372 servorum.
956 3313 1024 3373 Hoc
1035 3335 1122 3373 sensu
1130 3316 1307 3394 plerumque

161 3445 220 3484 vox
229 3421 363 3502 nequiter
376 3420 456 3500 apud
466 3420 610 3480 Nostrum
625 3423 760 3481 occurrit.
779 3421 846 3481 Aul.
864 3432 927 3493 159.
959 3432 980 3459 “
987 3424 1164 3484 Pessumum
1178 3437 1223 3485 est
1234 3427 1306 3486 faci-

161 3558 231 3606 nus,
250 3535 379 3615 nequiter
391 3534 480 3595 ferire
494 3535 601 3594 malam
614 3535 792 3595 maledicis.''
815 3536 834 3594 i.
848 3558 873 3596 e.
887 3535 999 3616 ignave,
1014 3548 1066 3596 aut
1083 3537 1198 3596 remisse
1209 3539 1307 3597 ferire.

162 3650 282 3711 Asinar.
302 3649 368 3708 654.
402 3647 536 3706 “Genua
554 3649 586 3706 ni
599 3659 659 3707 tam
673 3648 802 3728 nequiter
814 3650 961 3708 fricaret.''
981 3650 1000 3707 i.
1011 3671 1036 3708 e.
1055 3649 1200 3730 languide,
1214 3650 1307 3709 otiose.

146 3741 254 3821 'Adde
274 3759 404 3834 notabile
427 3759 604 3838 exemplum,
629 3759 756 3819 Mostell.
775 3768 839 3820 101.
868 3760 958 3819 “Ubi
971 3760 1022 3818 illo
1035 3762 1176 3839 inmigrat
1188 3783 1307 3841 aequam

161 3875 263 3943 homo,
284 3872 453 3949 indiligens,
481 3872 557 3930 Cum
579 3871 667 3949 pigra
691 3872 812 3942 familia,
837 3872 1008 3941 inmundus,
1035 3873 1217 3932 instrenuos:
1248 3875 1308 3934 Hic

158 3991 225 4068 jam
248 3987 363 4046 oedibus
386 3985 493 4046 vitium
512 3985 642 4055 additur,
659 3987 746 4046 bonae
762 4006 853 4064 quom
871 3997 1012 4044 curantur
1030 3987 1132 4046 male.”
1156 3986 1231 4046 Hor.
1246 3987 1307 4048 Sat

163 4095 207 4155 11.
221 4113 278 4154 v11.
299 4103 364 4154 100.
396 4102 416 4129 “
424 4093 565 4173 Nequam,
581 4106 610 4155 et
623 4104 750 4154 cessator
773 4096 904 4154 Davus.'’
924 4094 1078 4174 (deservo
1098 4097 1176 4157 ultra
1191 4100 1309 4178 justum

162 4216 284 4284 tempus
297 4206 520 4282 commorante.)
536 4205 610 4262 Plin.
624 4205 692 4263 Lib.
706 4205 794 4265 XIX.
805 4205 877 4284 Cap.
889 4179 916 4263 4.
945 4205 1101 4286 “Nequam
1112 4228 1174 4268 esse
1184 4220 1310 4272 matrem

162 4318 300 4388 familias,
315 4316 369 4376 ubi
382 4313 540 4393 indiligens
554 4325 629 4378 esset
642 4315 771 4376 hortus.'’
789 4317 808 4376 i.
823 4337 847 4377 e.
862 4336 921 4375 uon
935 4316 1092 4396 diligenter
1106 4321 1212 4380 cultus.
