3084 5017
278 491 344 554 118
684 487 998 553 GLOSSARIUM

274 682 395 760 quanda
410 701 466 759 pro
483 681 599 740 nutrice
616 681 746 760 ponitur.
788 682 871 759 Virg.
885 682 953 741 AEn.
967 681 1057 742 VIII.
1070 681 1138 743 682.
1167 682 1339 742 “Geminos
1351 681 1422 740 huie

273 797 367 854 ubera
387 795 510 865 circum,
530 794 649 853 Ludere
664 794 828 872 pendentes
846 815 955 872 pueros
970 805 1001 853 et
1018 793 1149 852 lambere
1167 796 1312 852 matrem.”
1353 792 1421 864 Qua

273 926 346 965 voce
373 906 545 983 designatur
576 905 655 984 lupa,
683 926 751 982 quae
780 906 908 963 Romulo
935 905 1091 983 Remaque
1117 925 1278 964 mammam
1306 905 1420 964 dedit“

272 1015 384 1073 Noster
398 1013 488 1073 Truc.
500 1011 566 1074 863.
600 1022 620 1048 “
629 1013 728 1072 Puera
741 1025 831 1092 opust
844 1014 962 1084 cibum,
978 1035 1053 1092 opus
1066 1026 1112 1072 est
1124 1025 1224 1073 autem
1238 1016 1336 1084 matre,
1351 1036 1418 1092 quae

272 1145 399 1202 puerum
412 1125 511 1183 lavit”
544 1124 633 1183 Adde
647 1123 721 1182 Cist.
737 1132 801 1193 192.
816 1145 880 1202 sqq.
922 1122 999 1199 (Ubi
1012 1145 1072 1182 non
1086 1124 1124 1184 de
1137 1135 1231 1184 matre
1246 1147 1315 1203 quae
1327 1147 1417 1203 pepe-

271 1245 359 1307 rerat,
376 1235 427 1292 sed
444 1255 507 1314 qua
524 1236 706 1302 educaverat,
728 1233 886 1313 loquitur.)
927 1235 1003 1294 GeII.
1025 1237 1097 1295 XII.
1121 1246 1145 1295 1.
1187 1245 1206 1271 “
1216 1236 1337 1306 Matris,
1355 1257 1416 1314 qua

269 1346 380 1426 genuit,
400 1367 498 1423 neque
519 1367 638 1405 sensum
658 1345 754 1404 ullum
774 1366 873 1423 neque
892 1346 1074 1404 desiderium
1094 1348 1201 1424 capit.''

326 1558 373 1608 20.
422 1541 654 1631 Internosse.]
701 1545 919 1627 Distinguunt
936 1547 1076 1611 between
1093 1549 1187 1610 them.
1227 1553 1341 1632 Amph.
1357 1553 1430 1611 Prol.

271 1668 334 1719 142.
377 1669 396 1694 “
406 1660 571 1718 Interuasse
584 1671 619 1718 ut
630 1680 685 1718 nos
698 1661 818 1737 possitis
832 1661 975 1720 facilius.”

323 1885 374 1895 -
420 1837 651 1928 Mammam]
683 1842 754 1905 Tae
771 1844 900 1915 arearu-
922 1864 1002 1925 pap.
1039 1845 1150 1906 ausu
1178 1849 1411 1910 ramnusus

268 1988 358 2045 quam
374 1967 407 2024 in
419 1967 549 2036 homine,
564 1966 617 2025 sed
634 1966 666 2023 in
684 1966 741 2024 hoe
754 1966 879 2026 fortasse
892 1967 1017 2045 saepius:
1040 1979 1076 2026 ut
1091 1968 1231 2026 fallantur
1245 1969 1298 2046 qui
1312 1968 1413 2027 dicunt

265 2077 303 2136 de
321 2077 442 2136 homine
463 2076 525 2134 solo
546 2078 692 2156 usurpari.
748 2075 826 2134 Uber
844 2086 946 2137 eontra
965 2078 1074 2155 saepius
1094 2077 1126 2135 in
1146 2078 1250 2136 bestiis
1271 2098 1363 2156 quam
1382 2079 1410 2134 in

264 2190 394 2249 homine.
435 2190 512 2247 Sunt
527 2189 617 2248 etiam
630 2189 683 2268 qui
696 2189 738 2248 ita
755 2189 955 2266 distinguunt,
968 2197 1004 2246 ut
1017 2187 1056 2246 sit
1067 2209 1188 2247 mamma
1202 2209 1271 2266 quae
1284 2190 1411 2249 exterius
1510 2160 1511 2215 3

265 2311 397 2379 apparet,
422 2298 492 2357 uber
515 2299 637 2358 interior
657 2301 772 2359 officina
792 2298 892 2358 lactis:
915 2299 1099 2377 conjunctim
1119 2298 1200 2358 enim
1220 2299 1303 2358 haud
1324 2300 1410 2360 semel

264 2409 406 2486 leguntur
414 2429 423 2476 ;
446 2407 535 2464 Lucr.
551 2407 586 2463 V.
601 2414 667 2467 883.
685 2419 716 2468 et
729 2408 806 2466 GeIl.
821 2406 896 2464 XII.
912 2415 936 2464 1.
980 2405 1109 2465 “Ubera
1128 2411 1352 2467 mammarum-'³

321 2603 369 2654 ar.
417 2585 545 2683 Neque
563 2585 678 2678 adea]
728 2592 985 2672 Naynoteuen.
1032 2593 1118 2652 Infra
1137 2603 1205 2654 211.
1253 2595 1324 2664 Pro,
1344 2595 1408 2676 quin
1479 2564 1510 2589 '¹

263 2713 326 2784 ima,
352 2715 408 2783 vel,
432 2714 507 2794 quad
524 2713 594 2792 plus
617 2721 680 2778 est;
706 2712 949 2790 (amplificatione
976 2711 1154 2789 sententie.)
1207 2713 1320 2773 CistelI.
1347 2722 1408 2773 331.

263 2837 284 2864 “
294 2829 462 2907 Respondit
471 2829 575 2908 paucis
585 2827 694 2900 verbis,
704 2836 790 2908 atque
802 2829 873 2886 adeo
882 2826 1034 2885 fideliter.”
1055 2826 1117 2885 cic.
1128 2827 1220 2885 Catal.
1231 2827 1257 2885 1.
1268 2836 1296 2887 2.
1318 2835 1339 2863 “
1345 2829 1407 2886 Du·
1508 2818 1509 2821 ¹

262 2963 327 3004 cem
339 2943 471 3002 hostium
484 2943 562 3002 intra
574 2942 694 3013 maenia,
709 2951 794 3022 atque
806 2944 878 3002 adea
891 2943 923 3001 in
937 2942 1050 3002 Senatu
1063 2942 1221 3001 vidimus.''
1245 2945 1310 3002 Att.
1325 2944 1350 3002 Ι.
1366 2953 1407 3010 17.

261 3054 301 3113 ad
308 3055 369 3130 fin.
411 3055 508 3132 “Ego
521 3055 670 3133 princeps,
684 3062 771 3134 atque
784 3055 854 3112 adea
867 3053 1042 3114 seeundua.”
1076 3053 1195 3113 Phaedr.
1210 3055 1284 3114 FaIu
1304 3055 1359 3115 IV.
1382 3064 1407 3122 7.

262 3165 354 3224 “Nec
374 3187 465 3244 quem
483 3167 604 3244 petebat
622 3165 722 3244 potuit
742 3166 813 3223 adea
832 3165 1014 3243 adtingere.''

317 3375 366 3426 aa.
413 3357 662 3455 septuennes]
721 3363 829 3428 Seven
859 3382 954 3444 years
985 3361 1047 3425 out.
1107 3364 1192 3423 Infra
1214 3373 1299 3426 1014.
1347 3366 1405 3437 Qui
1506 3370 1507 3383 ¹

260 3499 375 3567 septem
388 3497 458 3545 sunt
471 3505 624 3545 annorum.
645 3486 763 3544 Poenul.
778 3486 858 3544 Prol.
872 3484 920 3545 66.
941 3485 1051 3544 “Puer
1063 3485 1229 3563 septuennis
1242 3485 1405 3564 subripitur

259 3599 465 3678 Carthagine.''
516 3596 664 3657 Scribitur
691 3608 722 3657 et
748 3596 902 3677 septennis,
938 3596 987 3675 (ut
1013 3596 1225 3675 quinquennis,
1259 3598 1401 3665 sexennis,

258 3711 400 3779 octennis,
425 3710 494 3786 dac.)
519 3717 622 3767 eontra
644 3709 843 3788 septuaginta,
866 3729 927 3766 nan
947 3708 1125 3787 septaginta,
1146 3708 1268 3786 iegitur.

313 3921 361 3972 25.
408 3901 609 3996 Oneravit]
656 3907 842 3988 Frangunt.
883 3910 993 3980 Onera,
1020 3908 1206 3987 ἐπιφορτίζω.
1257 3910 1330 3968 ”Ex
1348 3909 1402 3966 hoc

257 4038 348 4096 verbo
374 4035 458 4094 navis
488 4033 622 4093 oneraria
659 4033 747 4101 dicta,
785 4051 875 4108 quam
901 4029 1001 4089 Graeei
1034 4029 1191 4111 φορτηγὸν,
1226 4040 1257 4088 et
1289 4028 1397 4098 ὁλκάδα,

256 4147 440 4228 11οωί1111111.“
479 4146 582 4205 Lana.

314 4360 364 4374 ...
408 4310 572 4401 Navim.]
619 4320 689 4379 Vet.
710 4319 819 4379 Aecus·
840 4339 896 4398 pro
916 4338 1022 4377 navem.
1063 4320 1140 4379 Vide
1161 4317 1245 4377 Infra
1264 4326 1329 4378 310.
1364 4389 1369 4404 ι
