3084 5017
486 768 947 865 PROLOGUS.

274 1285 479 1361 SALUTEM
503 1290 659 1387 primum
679 1292 757 1386 jam
783 1316 805 1362 a
829 1288 1004 1387 principio
1028 1288 1216 1387 propitiam

224 1410 322 1485 Mihi
347 1421 454 1510 atque
476 1415 585 1500 vobis,
612 1424 836 1513 spectatores,
862 1415 1001 1489 nuntio.

223 1537 391 1638 Adporto
417 1541 514 1615 vobis
537 1540 713 1616 Plautum
736 1542 875 1641 lingua,
898 1566 971 1615 non
996 1565 1127 1615 manu:

222 1661 364 1749 Quaeso,
390 1674 433 1739 ut
456 1666 621 1765 benignis
644 1667 826 1764 accipiatis
851 1668 1004 1741 auribus.

222 1786 333 1863 Nunc
349 1801 599 1887 argumentum
615 1792 763 1890 accipite
780 1801 888 1889 atque
905 1792 1065 1865 animum
1083 1791 1268 1865 advortite.
1293 1806 1311 1858 5

223 1910 345 1999 Quam
371 1924 492 2010 potero
517 1915 556 1987 in
582 1916 685 1989 verba
712 1913 888 2017 conferam
912 1915 1144 2012 paucissuma.

223 2035 351 2136 Atque
375 2036 442 2113 hoc
465 2051 578 2139 poetae
600 2040 737 2116 faciunt
761 2043 801 2114 in
825 2040 1026 2115 comoediis:

224 2160 353 2236 Omnis
377 2188 433 2237 res
454 2175 573 2263 gestas
598 2191 673 2240 esse
696 2164 859 2240 Athenis
885 2175 1097 2240 autumant:

224 2287 308 2374 Quo
328 2315 481 2387 graecum
506 2292 604 2366 vobis
627 2292 719 2367 illud
741 2293 906 2368 videatur
931 2292 1067 2390 magis;

225 2414 308 2512 Ego
331 2440 506 2514 nusquam
529 2416 656 2503 dicam,
681 2418 763 2504 nisi,
790 2420 852 2492 ubi
878 2417 1014 2492 sactum
1039 2416 1182 2490 dicitur.
1276 2431 1313 2482 10

224 2544 352 2638 Atque
377 2540 465 2615 adeo
486 2540 553 2615 hoc
578 2550 830 2641 argumentum
852 2544 1051 2641 graecissat3
1079 2553 1199 2615 tamen

542 2730 583 2762 vv.
594 2715 685 2764 1.-76.
716 2716 794 2764 lamb.
804 2716 878 2763 Trim.

165 2874 192 2925 3.
233 2866 390 2945 Adpone]
423 2866 501 2925 Cum
515 2868 607 2927 verbo
620 2888 692 2927 usus
784 2879 828 2929 10.
870 2867 1023 2948 Nusquam
1042 2865 1165 2943 dicum]
1198 2862 1315 2941 Repete

121 2962 165 3019 sit
177 2958 259 3037 quod
271 2960 392 3037 proprie
406 2970 452 3019 est
468 2980 558 3019 onera
573 2972 691 3039 gestan-
742 2988 760 3023 a
780 2986 862 3043 seqq.
872 2962 1000 3042 factum.

120 3054 212 3122 tium,
229 3052 349 3130 nequis
364 3052 449 3111 aliter
462 3073 553 3131 quam
569 3064 693 3114 reserat

121 3149 260 3227 accipiat,
271 3149 393 3228 subjicit
400 3148 512 3227 lingua,
521 3150 595 3227 (h.e.
605 3152 692 3211 fabu-

784 3114 829 3165 11.
850 3105 917 3163 Hoc
925 3110 1124 3183 argumentum
1130 3100 1313 3181 groeer'raut]

742 3201 848 3259 Partes
856 3198 978 3277 quidem
986 3196 1096 3255 fabulae
1104 3195 1312 3274 aguntGraeci,

742 3314 804 3353 non
826 3304 926 3352 tamen
953 3289 1160 3359 Athenienses,
1184 3309 1240 3348 nec
1265 3310 1313 3349 res

743 3389 872 3448 Athenis
885 3399 978 3465 gestae
992 3397 1062 3446 sunt
1069 3409 1079 3457 ;
1094 3386 1148 3445 sed
1160 3385 1312 3446 Menaech·

121 3246 185 3305 lam
204 3244 400 3325 Plautinum)
422 3266 477 3303 nou
497 3266 593 3316 mauu,
618 3246 693 3323 (non

121 3340 277 3399 hominem
295 3340 410 3419 ipsum)
431 3340 516 3400 vobis
535 3340 670 3419 adporto.

165 3447 193 3507 6.
234 3446 328 3513 Quom
338 3456 448 3527 potero,
463 3449 539 3529 ete]
582 3449 616 3507 ‘I
632 3450 694 3508 will

122 3546 164 3603 be
184 3562 216 3601 as
235 3542 318 3602 brief
332 3563 364 3601 as
384 3543 400 3600 1
421 3545 492 3602 can!
533 3541 692 3601 conferam

125 3638 367 3715 (argumentum)
405 3638 437 3695 in
472 3638 563 3697 verba
602 3658 692 3715 quam

123 3744 231 3813 potero
248 3732 446 3811 paucissuma.

743 3488 784 3544 mi
796 3497 866 3545 sunt
876 3486 979 3555 Siculi,
992 3484 1147 3563 Syracusis
1157 3484 1229 3551 nati,
1244 3503 1312 3560 qnae

742 3584 815 3640 urbs
834 3602 852 3640 a
871 3579 1034 3639 Corinthiis
1051 3588 1115 3638 erat
1133 3578 1261 3647 condita,
1282 3579 1314 3636 in

743 3676 884 3754 omnique
902 3674 1002 3734 Sicilia
1014 3674 1118 3751 lingua
1132 3674 1238 3731 Graeca
1251 3673 1312 3730 usi-

742 3770 831 3829 tatior
851 3770 915 3828 fere
938 3777 1001 3827 erat
1024 3787 1115 3845 quam
1141 3766 1314 3825 Siculorum

166 3852 193 3903 ⁸·
236 3842 336 3903 omnis
353 3863 409 3931 Μ’
430 3844 506 3923 etc⁴]
537 3840 692 3923 Plerisque
743 3865 910 3925 vernacula
944 3863 1047 3921 Senon.
1087 3862 1243 3933 Quantum
1259 3881 1313 3919 au·

126 3941 257 4000 Cornicis
275 3946 293 4011 vi
311 3944 398 4011 “orti
412 3945 466 4000 ⁷⁰¹7
482 3939 624 4023 δράματος
638 3944 693 4001 fin·
743 3969 805 4017 tem
825 3957 926 4016 Sicula
946 3956 1051 4033 lingua
1073 3956 1111 4013 ab
1132 3954 1235 4012 Attica
1252 3953 1313 4013 dis-

123 4038 208 4115 gstm
221 4057 286 4097 ⁹⁸⁸⁰
298 4036 434 4097 Atheni&
474 4038 575 4096 Sfflffl·
743 4063 821 4116 taret
850 4053 962 4130 optime
989 4051 1086 4109 discas
1112 4069 1149 4107 ex
1176 4049 1315 4108 Bentleio

164 4157 193 4217 9.
236 4148 480 4227 Groecumillud.]
501 4148 631 4220 Scilicet,
646 4170 692 4209 ar·
745 4149 988 4224 Phalar.§.x11.
1041 4146 1190 4225 Apuleius
1218 4148 1314 4225 (apud

123 4233 313 4321 gumentum.
343 4244 565 4321 Expectnveris,
584 4244 694 4304 Groecae
745 4247 866 4323 Lamb.)
880 4242 1034 4322 trilingues
1048 4241 1164 4301 Siculos
1174 4241 1314 4321 appellat,

125 4338 193 4410 illo,
217 4340 338 4419 (nempe
352 4341 537 4419 Comoedias.)
746 4350 780 4399 ut
800 4359 935 4399 sermone
953 4358 1022 4396 usos
1042 4358 1078 4397 ex
1097 4338 1264 4407 vernacula,
1286 4348 1317 4395 et
