3084 5017
452 461 454 465 ’
527 454 578 518 IN
596 453 929 520 MENAECHMEI.

192 660 261 722 471.
311 644 397 738 Ut]
441 652 537 715 How.
579 659 620 718 H.
634 658 653 716 l.
675 678 730 736 pro
750 679 844 737 quum.

203 875 255 887 -
311 829 413 902 More
431 832 554 921 mora]
594 834 726 897 Absurd
742 834 876 898 auctoru.
916 841 944 897 A
964 807 1072 899 Gra'co
1092 837 1189 920 μηρός.
1232 843 1297 902 Mil.

146 950 214 1012 668.
247 951 452 1012 “Mormesst
484 953 567 1011 Poen.
581 959 648 1013 248.
683 951 812 1011 “Mores
826 971 919 1010 maros
932 961 962 1012 et
980 953 1098 1012 malos.”
1134 952 1217 1015 Trin.
1230 953 1296 1015 636.

146 1063 282 1125 “Mores
301 1064 457 1124 hominum
476 1084 567 1124 marus
586 1076 617 1124 ct
635 1067 794 1124 mormius?

196 1241 264 1300 472.
311 1224 468 1324 Atque]
507 1232 585 1296 Aua
608 1239 671 1314 qu.
712 1236 780 1294 vn.
800 1235 833 1294 in
852 1235 931 1294 nn
953 1243 980 1302 7.

202 1455 255 1467 —
283 1409 462 1507 ''Optumi
479 1405 669 1500 maxumi]
712 1419 760 1481 De
782 1421 930 1499 scriptura
949 1419 1242 1488 horum-verborum,
1256 1419 1298 1476 ait

144 1529 270 1602 Quinct
280 1529 358 1602 ¹Inst.
372 1530 397 1588 1.
410 1549 468 1588 v11.
508 1531 524 1553 ”
536 1529 675 1609 Optimus,
691 1530 849 1600 Maximus,
867 1540 901 1589 ut
914 1529 1043 1589 mediam
1056 1528 1068 1586 i
1080 1527 1206 1598 literam,
1222 1548 1291 1606 quae

146 1640 301 1700 veteribus
322 1660 341 1697 u
362 1641 470 1708 fuerat,
490 1641 668 1720 acciperent,
688 1641 722 1698 G.
736 1642 868 1720 primum
885 1640 1008 1700 Caesariu
1026 1637 1219 1718 inscriptione
1236 1647 1296 1696 tra-

146 1749 230 1809 ditur
250 1751 395 1810 netumf‘

194 1927 263 1986 475.
312 1909 543 2004 Quoeritant.]
596 1917 690 1980 Talae
706 1918 760 1980 tlm
777 1917 902 1979 trouble
915 1922 948 1978 to
964 1917 1105 1997 inquire.
1154 1918 1234 1978 Prol.
1249 1926 1295 1986 71.

195 2093 264 2161 476·
312 2084 472 2181 clueat]
525 2096 621 2167 clueo,
645 2098 802 2176 antiquum
826 2098 952 2157 verbnm
974 2116 1030 2175 pro
1056 2095 1152 2166 audio,
1176 2117 1194 2154 a
1217 2097 1295 2152 κλύω.

147 2209 240 2268 Lucr.
261 2209 286 2268 1.
311 2217 374 2268 180.
418 2209 505 2269 “Per
525 2209 639 2288 gentcis
660 2209 750 2269 Italus
773 2230 840 2288 quae
861 2211 940 2269 clara
960 2209 1092 2270 clueret.”
1132 2208 1212 2269 Ibid.
1231 2216 1297 2268 450.

147 2326 216 2379 481.
246 2318 311 2378 ·Et
332 2321 450 2398 passim.
492 2320 575 2379 Infra
596 2328 662 2388 754.
710 2321 802 2399 Epid.
827 2328 891 2380 180.
933 2321 1060 2380 “Senati
1084 2320 1138 2399 qui
1162 2320 1298 2379 columen

148 2432 271 2491 cluant”
312 2432 418 2492 Bacch.
438 2438 503 2491 881.
525 2465 528 2477 ·
553 2431 696 2492 “Atridae
715 2432 809 2491 clueat
831 2432 937 2493 fecisse
959 2432 1075 2492 facinus
1097 2432 1298 2491 maxumum.’'

197 2614 265 2673 477.
312 2594 513 2697 Nequam]
571 2605 764 2676 mutulam,-
786 2604 870 2684 gaad
882 2604 942 2688 sor
965 2602 1104 2682 maugtt.
1150 2605 1250 2684 Supra
1269 2611 1296 2670 7.

147 2720 248 2781 Varro
260 2721 329 2781 Lib.
343 2740 388 2780 1x.
408 2722 444 2780 L.
460 2723 495 2781 L.
510 2723 566 2780 sub
581 2721 630 2779 fin.
671 2719 739 2778 ”Ut
756 2741 794 2779 ex
815 2741 871 2778 uam
892 2729 923 2778 et
944 2719 1014 2787 volu,
1033 2716 1117 2783 mim·
1139 2717 1181 2775 sic
1202 2735 1240 2775 ex
1262 2735 1297 2774 ue

148 2842 179 2891 et
192 2831 358 2911 quidquam,
372 2833 471 2892 medic
492 2832 600 2892 extrita
615 2833 737 2910 syllaba,
756 2842 893 2892 coactum
905 2841 950 2890 est
963 2849 1091 2908 nequam.
1132 2826 1248 2905 ltaque,
1263 2836 1298 2885 ut

145 2963 219 3002 eum
230 2963 320 3022 quem
334 2954 475 3022 putamus
488 2965 551 3004 esse
565 2964 619 3002 mou
633 2942 695 3013 titi,
713 2943 840 3002 dicimus
854 2941 955 3011 nihilh
979 2941 1065 3000 sicin
1079 2959 1139 3017 quo
1155 2947 1297 3018 putamus

149 3075 213 3115 esse
230 3075 266 3114 me
286 3055 449 3135 quidquam,
472 3057 599 3116 dicimus
612 3064 764 3134 nequam.“

196 3225 264 3284 478.
313 3207 458 3307 Frugi]
482 3215 538 3279 Au
555 3217 798 3300 komautfellaw.
830 3222 979 3280 Omnibus
989 3220 1168 3280 numeris-et
1180 3218 1297 3279 casibus

145 3330 295 3410 jungitur.
331 3329 372 3387 H.
386 3330 406 3386 l.
420 3331 582 3409 opponitur
596 3333 638 3410 τῷ
651 3330 791 3411 Nequam.
821 3332 907 3391 Asin.
923 3338 989 3400 835.
1024 3339 1044 3365 “
1052 3329 1188 3389 Antehac
1200 3328 1296 3387 homi·

147 3463 217 3501 nem
234 3461 302 3501 sum
310 3439 404 3521 frugi
425 3446 534 3502 ratus.''
574 3445 644 3503 Aul.
659 3452 725 3514 589.
756 3443 871 3502 “Hoc
889 3455 934 3503 est
954 3444 1031 3503 servi
1052 3441 1296 3521 facinusfrugi.”

149 3555 235 3613 Cura
259 3551 326 3612 516.
381 3553 472 3613 “Fac
492 3553 571 3614 boum
582 3554 676 3634 frugi
700 3556 796 3615 sies!'’
843 3555 953 3614 Pseud.
976 3563 1042 3616 380.
1092 3555 1296 3633 “Numquam

127 3729 132 3742 δ
144 3663 204 3722 eris
213 3660 307 3742 frugi
321 3660 427 3721 bomoe.”
458 3663 518 3722 Cic.
532 3665 596 3723 Att.
614 3663 668 3722 lV.
684 3670 710 3721 8.
731 3663 837 3722 “Satis
850 3674 964 3734 acutus,
978 3685 1013 3723 ac
1026 3661 1228 3742 bonoesrugi.”
1242 3665 1296 3722 &c

196 3846 264 3898 480.
313 3830 490 3904 Sollicitos
507 3828 666 3924 habent]
702 3837 853 3918 Plagae‚·
884 3839 958 3917 give
981 3835 1106 3926 traubte
1131 3841 1171 3897 to.
1214 3838 1296 3897 Infra

147 3959 214 4012 488.
255 3950 317 4010 Pro
326 3951 503 4018 sollicitum&
526 3973 586 4030 qua
604 3972 676 4011 voce
694 3972 765 4012 usus
784 3962 829 4011 cat
845 3951 917 4010 Juv.
933 3951 985 4026 (de
1006 3950 1110 4012 eadem
1127 3970 1160 4009 re
1178 3952 1296 4028 agens)

147 4063 210 4123 Sat.
225 4061 315 4121 XVI.
329 4070 375 4122 28.
397 4103 401 4110 ·
419 4062 487 4122 “se
503 4072 695 4123 excusaturos
711 4081 772 4121 non
793 4060 975 4120 sollicitum
987 4062 1121 4120 amicos?
1164 4060 1296 4138 (Nempe

147 4186 191 4234 ut*
208 4175 306 4234 nobis¹
322 4175 354 4233 in
377 4175 493 4254 judicio
519 4175 638 4255 adsint.)
692 4165 759 4236 Tar.
789 4174 899 4235 Heaut
927 4174 1101 4235 111..1.52.
1156 4174 1297 4234 “Omnes

147 4285 284 4344 sollicitas
305 4284 421 4346 habui?
