3084 5017
519 487 570 550 IN
596 485 925 554 MEchHMEI.
1221 491 1288 560 149

191 719 249 737 ·-
283 679 440 778 Operam
465 681 633 776 sumam]
674 693 791 773 Spend
813 713 866 776 my
889 695 1012 758 minus.
1055 638 1116 758 Pio
1134 699 1291 759 assumam.

195 908 250 919 —
286 861 480 954 Quaerere]
515 870 560 933 In
580 873 722 953 secking.
759 875 836 936 H.e.
858 875 1068 957 inquerendo.
1107 877 1175 936 AEn.
1189 877 1234 936 11.
1247 878 1296 939 64.
1390 913 1394 921 ·

139 989 296 1050 “Certant
315 991 436 1051 illudere
455 996 570 1072 capt0.”
602 997 706 1072 proin
727 993 881 1056 illudendo.
922 996 1003 1056 Vide
1025 997 1123 1075 Supra
1144 1004 1209 1057 150.

193 1160 260 1221 162.
308 1152 502 1252 Exsequi]
553 1162 602 1223 To
617 1164 690 1226 seek
706 1163 774 1224 isim
791 1169 858 1225 out.
887 1165 1110 1226 Sensurariori.
1139 1167 1189 1226 sic
1202 1167 1295 1226 Mete.
1365 1251 1368 1258 Ι

140 1274 177 1330 Ρ.
193 1272 242 1333 68.
278 1273 378 1352 Exigi,
402 1276 467 1334 ‘To
479 1277 518 1335 be
536 1277 642 1336 driven
656 1280 727 1335 out?
749 1276 857 1356 Amph.
870 1283 936 1346 890.
973 1274 1123 1355 Consequi,
1146 1275 1211 1334 ‘To
1224 1275 1296 1334 rush

140 1386 302 1462 together!
336 1387 373 1444 In
394 1387 479 1446 Asin.
500 1395 565 1446 144.
610 1389 745 1447 Verbum
766 1386 881 1467 exsequi
902 1387 1032 1447 occurrit
1055 1407 1144 1446 seusu
1164 1407 1297 1466 perseue-

141 1497 235 1556 randi
242 1519 257 1562 ;
272 1497 354 1575 quod
367 1499 456 1558 etiam
470 1499 527 1558 hoe
540 1500 607 1559 loeo
619 1500 691 1560 ferri
704 1510 813 1578 potest,
829 1500 966 1578 quamvis
977 1499 1078 1558 minus
1090 1509 1180 1558 recte.

195 1661 263 1722 164.
311 1655 461 1752 Sempe]
503 1661 697 1726 Abulrush.
739 1668 831 1728 Junci
845 1668 958 1748 species
971 1667 1084 1728 enodis.
1098 1667 1177 1726 eitat
1191 1665 1299 1725 Festus

143 1757 293 1845 Eimium,
318 1775 495 1848 “Quaerunt
518 1776 547 1834 in
572 1777 678 1857 scirpo,
702 1777 780 1838 soliti
803 1779 885 1858 quod
906 1780 1014 1850 dicere,
1037 1779 1166 1838 noduvu.''
1212 1777 1300 1837 Idem

143 1889 290 1966 adagium
310 1888 413 1948 laudat
433 1887 535 1948 qun:
559 1889 591 1947 in
606 1889 674 1948 Ter.
690 1890 785 1949 Andr.
801 1891 837 1949 V.
853 1910 897 1950 1v.
912 1898 958 1951 88.
972 1911 1010 1951 ex
1029 1891 1136 1950 Isidor.
1151 1890 1237 1968 Orig.
1253 1896 1298 1955 17.

146 1999 241 2076 “Qui
253 1999 394 2059 Inimicus
406 2010 461 2070 est,
476 1999 565 2059 etiam
580 2000 610 2058 in
624 1999 721 2078 scirpo
735 2002 837 2060 nodum
850 2001 980 2082 querit?
1001 2004 1054 2062 &e

209 2219 260 2230 —
318 2166 451 2260 Quin]
517 2177 596 2260 Why
612 2183 679 2240 uod.
722 2182 785 2242 Le.
807 2181 934 2263 quinon.
969 2180 1139 2252 Infra649.

201 2363 267 2424 165.
316 2352 400 2427 Nisi
418 2355 477 2447 si.]
519 2365 554 2424 ss
572 2364 730 2424 redundat.
757 2360 850 2442 epu.
863 2373 912 2426 20.
933 2365 1024 2425 «usi
1037 2365 1063 2424 n
1080 2375 1134 2434 est,
1154 2363 1212 2423 nni
1228 2362 1254 2420 a·
1271 2363 1304 2421 in

150 2478 301 2538 vidulo?”
325 2476 395 2535 Ter.
408 2477 505 2536 Andr.
520 2475 546 2533 1.
560 2495 589 2534 v.
605 2484 651 2535 14.
686 2473 786 2534 “Nisi
805 2474 831 2533 si
848 2475 881 2534 id
898 2486 944 2536 est
962 2475 1044 2555 quod
1058 2476 1218 2555 suspicor.”
1239 2477 1294 2534 &e

203 2641 270 2702 166.
317 2632 513 2723 Facessas.]
548 2639 653 2719 Away
670 2636 759 2698 with.
803 2641 913 2699 Sensus
930 2640 1106 2698 inusitatior.
1140 2639 1220 2698 Rud.
1237 2638 1305 2710 961.

152 2757 277 2816 “Enim
286 2753 556 2832 facesse.'...hiuc
565 2750 734 2830 facessas?
796 2763 799 2768 '

205 2933 271 2994 166.
321 2918 454 3012 Malo]
496 2933 544 2991 De
565 2931 662 3010 plagis
680 2940 732 2990 aut
749 2929 801 2989 tali
818 2926 919 3005 aliquo
936 2926 1154 3005 accipiendum,
1173 2939 1207 2988 ut
1226 2949 1306 3008 saepe

154 3047 237 3127 apud
261 3046 417 3104 Nostrum.
468 3042 639 3110 Infru756.
688 3040 764 3100 Rud.
786 3038 853 3110 696.
903 3039 1061 3097 “Dabitur
1084 3039 1139 3099 tibi
1161 3061 1306 3119 magnum

155 3158 290 3218 malum.”
330 3157 406 3216 Asin
419 3165 486 3227 899.
521 3164 541 3191 “
550 3156 662 3232 Magna
674 3163 720 3212 est
732 3151 836 3231 praeda
849 3171 917 3210 eum
930 3171 1040 3229 magno
1053 3150 1153 3211 malo.”
1173 3155 1227 3214 &e

209 3341 274 3409 167.
321 3329 458 3422 Hemi]
499 3334 601 3398 Aias!
637 3337 705 3396 Hoc
716 3336 784 3395 loco
796 3336 1017 3415 ingemiscentis
1030 3337 1206 3416 interjectio.
1240 3338 1311 3398 Ter.

158 3460 238 3517 Eun.
252 3456 291 3515 V.
306 3476 326 3514 1.
343 3463 388 3513 11.
422 3461 443 3488 “
452 3451 539 3520 Hem,
558 3450 667 3508 misera
686 3447 823 3507 occidi!'’
864 3447 921 3506 Vel
941 3447 1126 3525 indignantis
1133 3471 1143 3518 3
1168 3447 1308 3527 Humph!

212 3638 276 3698 168.
324 3628 466 3718 Enim]
521 3635 582 3692 Pro
604 3633 766 3697 enirnvero;
797 3634 902 3694 Graece
923 3632 964 3702 δή.
994 3633 1081 3711 Virg.
1106 3633 1228 3693 AEmII.
1245 3642 1309 3694 100.

161 3756 230 3813 Nisi
244 3755 282 3813 sit
295 3773 348 3832 per
358 3750 500 3829 ellipsim:
524 3748 614 3807 ‘Dico
628 3745 846 3805 Hemi-Nam
860 3768 908 3806 me
922 3747 1009 3806 video
1018 3747 1082 3826 jam
1097 3766 1216 3807 servum
1229 3750 1310 3806 esse!

157 3929 160 3936 “
214 3925 278 3995 169.
325 3916 481 4005 Paucis]
514 3923 574 3981 Pro
585 3930 642 3980 tum
652 3921 767 4001 paucis,
782 3942 834 3982 seu
846 3920 1041 4001 paucioribus.
1062 3921 1131 3980 vid.
1146 3921 1231 3980 Infra
1243 3928 1310 3987 387.

215 4127 279 4184 170.
313 4103 452 4196 Tam]
508 4109 742 4174 Noverilueless.
795 4114 879 4171 Infra
900 4113 965 4182 296.
1019 4115 1035 4136 ’'
1044 4112 1074 4170 Τ
1071 4134 1118 4170 am
1140 4133 1196 4191 pro
1219 4122 1311 4172 tamen

162 4233 270 4301 Prisci,
286 4229 451 4290 secundum
465 4228 606 4296 Festum3
629 4225 708 4283 unde
726 4226 815 4283 etiam
835 4225 984 4302 sequiores
1003 4223 1114 4282 tametsi
1131 4245 1188 4301 pro
1205 4233 1311 4282 tamen·

163 4345 252 4403 etsi.“
293 4343 406 4401 Bornn
430 4339 467 4397 ad
489 4337 596 4397 Bacch.
620 4344 703 4395 1135.
