3084 5017
238 457 304 519 132
659 453 968 518 GLOSSARIUM

293 669 340 720 55.
389 648 517 742 Cata]
567 659 708 747 Crasty3
732 664 896 742 monning.
943 662 1076 722 callide.
1112 664 1192 722 Pers.
1206 658 1275 720 614.
1315 659 1388 715 “lta

235 791 302 842 coto
323 793 369 842 est
387 793 419 842 et
439 783 572 842 callida?
613 785 681 845 Vox
701 805 719 843 a
739 785 860 845 Sabinis
878 785 979 855 ducta,
993 785 1036 842 ait
1055 783 1141 841 Varr.
1162 782 1197 839 L.
1209 781 1245 838 L.
1267 779 1322 836 VI.
1341 786 1369 836 3.

293 950 341 1012 56.
389 943 604 1042 Lepidum]
652 954 776 1048 Protty.
828 957 912 1018 Infra
932 966 979 1025 71.
1027 956 1095 1016 Mil.
1120 955 1158 1013 G.
1182 961 1268 1013 1128.
1319 950 1391 1008 “Ut

237 1074 330 1153 lepide
353 1075 561 1136 deruncinavit
584 1078 736 1138 militem.”
768 1087 852 1145 1147.
888 1078 1047 1136 “Militem
1070 1075 1164 1156 lepide
1183 1071 1391 1132 ludificarier.”

291 1290 343 1304 ·-
368 1240 517 1334 Fabre]
553 1251 723 1333 (flavado,-
750 1254 789 1314 iss
806 1272 827 1312 o
844 1251 1094 1313 woslsmoss-lilse
1109 1267 1261 1310 manner.
1299 1248 1389 1326 Apul.

237 1373 272 1446 L.
288 1380 334 1431 11.
376 1373 498 1431 “Navis
508 1371 676 1450 faberrime
695 1373 800 1432 facta”
841 1371 931 1430 Facu.

294 1543 341 1604 60.
390 1532 575 1626 Insidias]
618 1542 672 1606 Ass
696 1544 899 1606 ambosoode.
947 1550 997 1607 Ab
1017 1548 1047 1605 in
1068 1557 1099 1606 et
1117 1546 1199 1604 sedeo
1207 1566 1222 1610 ;
1250 1545 1304 1604 ubi
1324 1544 1391 1621 quia

235 1665 378 1723 adversus
397 1664 519 1723 alterius
539 1664 665 1723 salutem
684 1665 851 1724 insidiatur.

292 1871 343 1884 --
389 1823 632 1917 Praesidium]
681 1835 773 1909 Quod
805 1838 905 1907 moui,
938 1839 1042 1897 annu
1076 1858 1164 1898 uuna
1192 1836 1390 1916 proponitur.

238 1951 404 2010 Subsidium
423 1961 534 2021 autem,
554 1952 596 2013 ait
617 1952 733 2021 Festus,
755 1963 801 2012 est
819 1953 924 2031 ”quod
943 1954 1132 2032 postponitur
1152 1953 1190 2013 ad
1211 1955 1391 2013 subvenien-

237 2064 310 2122 dum
330 2063 565 2123 laborantibus.“
610 2065 804 2123 Maecenatem
825 2074 845 2099 “
855 2063 1032 2122 Presidium
1052 2067 1156 2122 soum”
1178 2076 1266 2125 vocat
1287 2067 1391 2124 Horat,

294 2235 342 2294 61.
379 2229 464 2300 Mea
488 2222 750 2317 commoditas]
789 2235 852 2316 My
868 2236 1062 2297 moenum
1077 2237 1205 2320 foeno.
1256 2242 1317 2301 nu
1335 2262 1391 2320 pro

237 2380 364 2440 persona
370 2382 380 2430 3
402 2359 473 2436 quia
492 2359 662 2418 commodum
683 2361 803 2419 obviam
817 2360 917 2430 venit;
939 2370 974 2418 ut
994 2360 1047 2437 qui
1066 2361 1166 2438 ipsum
1186 2360 1391 2420 commoditatis

237 2470 397 2531 articulum
419 2469 499 2530 sciat.
541 2470 624 2528 Infra
644 2469 691 2530 64.
733 2469 825 2549 Epid.
840 2470 906 2530 601.
948 2470 1061 2542 “Quid
1085 2471 1160 2549 agis,
1187 2491 1249 2529 meo
1274 2492 1389 2531 omnmo-

239 2582 365 2642 ditas?’'

295 2798 345 2810 -
380 2749 470 2824 Mea
495 2746 773 2848 opportunitas]
814 2756 877 2837 My
900 2759 1045 2819 weloome
1071 2754 1139 2819 Sis.
1187 2761 1275 2843 Quia*
1289 2783 1390 2854 W·

238 2891 306 2940 tone
324 2881 363 2941 ad
383 2902 414 2941 se
434 2879 648 2960 gratulandum
671 2879 763 2938 adest.
805 2879 893 2938 Cure.
909 2887 975 2938 303.
1016 2879 1075 2937 “O
1095 2899 1157 2938 meo
1176 2881 1389 2959 opportunitas,

239 2997 381 3058 Curculio
400 3005 549 3074 exoptato,
571 2994 691 3053 salve!”

295 3171 343 3231 62.
380 3156 626 3260 Quid-agis?]
662 3165 749 3228 How
758 3165 856 3248 sores
880 3166 933 3227 is?
971 3169 1225 3247 Frequentissima
1244 3173 1391 3232 salutandi

239 3293 378 3362 formula,
400 3304 431 3351 et
452 3291 573 3370 quidem
594 3290 715 3348 maxime
723 3287 926 3367 familiarium
930 3309 945 3353 ,⁰
966 3309 1026 3366 qua
1045 3289 1077 3347 in
1089 3309 1123 3347 re
1135 3291 1290 3370 praecipue
1306 3294 1393 3372 jocus

237 3415 353 3466 constat
372 3404 404 3462 in
423 3403 474 3461 illa
493 3400 676 3481 lepidissima
692 3382 789 3469 scena,
813 3400 887 3458 Hor.
903 3399 962 3458 Sat
985 3399 1053 3457 Lib.
1068 3399 1093 3457 1.
1115 3419 1158 3458 rx.
1180 3408 1206 3460 5.
1250 3405 1391 3482 “Arrep-

239 3523 330 3589 taque
343 3531 450 3569 manu:
474 3507 553 3574 Quid
569 3506 644 3586 ogis,
666 3505 836 3565 dulcissime
849 3526 949 3564 rerum
960 3509 997 3563 ?''
1038 3505 1100 3564 Ubi
1120 3507 1216 3566 obiter
1233 3510 1394 3568 observare

239 3627 314 3685 libet
334 3633 479 3703 quantum
493 3642 530 3682 ex
543 3621 703 3680 festivitate
716 3620 775 3680 loci
788 3617 955 3688 detrahant,
977 3617 1029 3696 qui
1051 3617 1089 3675 τδ
1108 3640 1205 3678 rerum
1224 3632 1305 3680 arcte
1325 3641 1394 3682 cum

242 3736 312 3817 quid
331 3735 397 3814 ogis
417 3732 662 3812 conjungendum
682 3730 818 3789 sentiant.
858 3730 940 3788 Nam
960 3730 1030 3789 licet
1055 3730 1136 3789 haud
1162 3732 1334 3808 negandum
1356 3733 1395 3791 sit

239 3849 409 3917 formulam,
440 3845 526 3927 ‘quid
552 3863 654 3902 rerum
681 3840 766 3920 ogis:
794 3841 876 3920 apud
906 3841 1035 3919 optimos
1063 3852 1200 3902 auctores
1224 3863 1394 3916 occurrere,

240 3961 336 4019 multo
356 3969 454 4019 tamen
475 3957 593 4036 saepius,
607 3976 642 4019 ac
660 3954 813 4034 praecipue
833 3954 864 4011 iu
885 3974 1019 4012 sermone
1039 3954 1222 4032 quotidiano,
1237 3955 1310 4036 quid
1327 3956 1394 4035 ogis

241 4094 296 4152 per
317 4093 347 4132 se
367 4071 501 4131 invenire
524 4081 578 4129 est
618 4067 668 4127 Ad
694 4087 757 4126 rem
784 4066 889 4144 pulcre
915 4067 987 4125 facit
1014 4067 1209 4145 Epigramma
1236 4069 1392 4140 Martialis,

242 4181 309 4240 Lib.
325 4181 367 4238 11.
387 4180 435 4247 67.
482 4178 654 4238 “Occurris
682 4195 863 4255 quocunque
892 4176 958 4236 loco
986 4177 1070 4246 mihi,
1102 4177 1254 4246 Postume,
1284 4179 1395 4238 clamas

244 4285 395 4354 Protinus,
415 4293 445 4343 et
462 4286 560 4362 prims
577 4294 622 4342 est
638 4285 702 4343 haec
717 4296 769 4343 tua
787 4303 857 4352 vox,
880 4285 951 4362 quid
967 4285 1084 4362 ogis?''
1124 4285 1185 4344 Ubi
1207 4289 1300 4346 citant
1316 4287 1394 4345 Plin.
