<?xml version="1.0" encoding="UTF-8"?>
<!DOCTYPE html PUBLIC "-//W3C//DTD XHTML 1.0 Transitional//EN"
    "http://www.w3.org/TR/xhtml1/DTD/xhtml1-transitional.dtd">
<html xmlns="http://www.w3.org/1999/xhtml" xml:lang="en" lang="en">
 <head>
  <title>
</title>
<meta http-equiv="Content-Type" content="text/html;charset=utf-8" />
  <meta name='ocr-system' content='tesseract 3.04.00' />
  <meta name='ocr-capabilities' content='ocr_page ocr_carea ocr_par ocr_line ocrx_word'/>
</head>
<body>
  <div class='ocr_page' id='page_1' title='image "./maplautimenaech00hildgoog_0088.png"; bbox 0 0 3084 5017; ppageno 0'>
   <div class='ocr_carea' id='block_1_1' title="bbox 187 469 931 558">
    <p class='ocr_par' dir='ltr' id='par_1_1' title="bbox 187 469 931 558">
     <span class='ocr_line' id='line_1_1' title="bbox 187 469 931 558; baseline -0.003 -19"><span class='ocrx_word' id='word_1_1' title='bbox 187 469 231 558; x_wconf 82' lang='lat'><strong>76</strong></span> <span class='ocrx_word' id='word_1_2' title='bbox 613 476 663 537; x_wconf 87' lang='lat' dir='ltr'><strong>M.</strong></span> <span class='ocrx_word' id='word_1_3' title='bbox 688 475 715 537; x_wconf 80' lang='lat' dir='ltr'><strong>a</strong></span> <span class='ocrx_word' id='word_1_4' title='bbox 753 475 931 538; x_wconf 74' lang='lat' dir='ltr'><strong>Polum</strong></span> 
     </span>
    </p>
   </div>
   <div class='ocr_carea' id='block_1_2' title="bbox 188 677 1374 1507">
    <p class='ocr_par' dir='ltr' id='par_1_2' title="bbox 188 677 1374 1507">
     <span class='ocr_line' id='line_1_2' title="bbox 188 677 601 774; baseline -0.005 -24"><span class='ocrx_word' id='word_1_5' title='bbox 188 680 270 750; x_wconf 87' lang='lat' dir='ltr'><strong>Mu.</strong></span> <span class='ocrx_word' id='word_1_6' title='bbox 287 677 415 773; x_wconf 87' lang='lat' dir='ltr'><strong>Atque</strong></span> <span class='ocrx_word' id='word_1_7' title='bbox 427 677 479 754; x_wconf 90' lang='lat' dir='ltr'><strong>ibi</strong></span> <span class='ocrx_word' id='word_1_8' title='bbox 489 686 601 774; x_wconf 89' lang='lat' dir='ltr'><strong>potat.</strong></span> 
     </span>
     <span class='ocr_line' id='line_1_3' title="bbox 530 777 1373 901; baseline -0.004 -26"><span class='ocrx_word' id='word_1_9' title='bbox 530 803 597 875; x_wconf 80' lang='lat' dir='ltr'><strong>SE.</strong></span> <span class='ocrx_word' id='word_1_10' title='bbox 616 801 732 875; x_wconf 87' lang='lat' dir='ltr'><strong>Tuan’</strong></span> <span class='ocrx_word' id='word_1_11' title='bbox 747 804 890 899; x_wconf 92' lang='lat' dir='ltr'><strong>quidem</strong></span> <span class='ocrx_word' id='word_1_12' title='bbox 904 805 966 876; x_wconf 95' lang='lat' dir='ltr'><strong>ille</strong></span> <span class='ocrx_word' id='word_1_13' title='bbox 980 829 1084 876; x_wconf 88' lang='lat' dir='ltr'><strong>causa</strong></span> <span class='ocrx_word' id='word_1_14' title='bbox 1094 777 1232 901; x_wconf 85' lang='lat' dir='ltr'><strong>potabit</strong></span> <span class='ocrx_word' id='word_1_15' title='bbox 1243 805 1373 884; x_wconf 79' lang='lat' dir='ltr'><strong>minua,</strong></span> 
     </span>
     <span class='ocr_line' id='line_1_4' title="bbox 286 927 1374 1026; baseline -0.001 -26"><span class='ocrx_word' id='word_1_16' title='bbox 286 927 326 1000; x_wconf 93' lang='lat' dir='ltr'><strong>Si</strong></span> <span class='ocrx_word' id='word_1_17' title='bbox 351 927 437 1012; x_wconf 92' lang='lat' dir='ltr'><strong>illic,</strong></span> <span class='ocrx_word' id='word_1_18' title='bbox 462 929 534 1001; x_wconf 90' lang='lat' dir='ltr'><strong>sive</strong></span> <span class='ocrx_word' id='word_1_19' title='bbox 559 927 644 1001; x_wconf 89' lang='lat' dir='ltr'><strong>alibi</strong></span> <span class='ocrx_word' id='word_1_20' title='bbox 667 928 834 1002; x_wconf 88' lang='lat' dir='ltr'><strong>lubebit?</strong></span> <span class='ocrx_word' id='word_1_21' title='bbox 874 929 967 1016; x_wconf 84' lang='lat' dir='ltr'><strong>Quae</strong></span> <span class='ocrx_word' id='word_1_22' title='bbox 991 928 1075 1013; x_wconf 85' lang='lat' dir='ltr'><strong>haec,</strong></span> <span class='ocrx_word' id='word_1_23' title='bbox 1099 930 1245 1014; x_wconf 88' lang='lat' dir='ltr'><strong>malum,</strong></span> <span class='ocrx_word' id='word_1_24' title='bbox 1270 931 1374 1026; x_wconf 86' lang='lat' dir='ltr'><strong>inpu-</strong></span> 
     </span>
     <span class='ocr_line' id='line_1_5' title="bbox 435 1055 1373 1130; baseline -0.006 -3"><span class='ocrx_word' id='word_1_25' title='bbox 435 1055 559 1127; x_wconf 87' lang='lat' dir='ltr'><strong>dentia</strong></span> <span class='ocrx_word' id='word_1_26' title='bbox 584 1058 666 1127; x_wconf 87' lang='lat' dir='ltr'><strong>est?</strong></span> <span class='ocrx_word' id='word_1_27' title='bbox 1317 1062 1373 1130; x_wconf 87' lang='lat'><strong>695</strong></span> 
     </span>
     <span class='ocr_line' id='line_1_6' title="bbox 285 1177 1372 1278; baseline -0.002 -26"><span class='ocrx_word' id='word_1_28' title='bbox 285 1177 375 1252; x_wconf 89' lang='lat' dir='ltr'><strong>Una</strong></span> <span class='ocrx_word' id='word_1_29' title='bbox 386 1203 490 1275; x_wconf 85' lang='lat' dir='ltr'><strong>opera</strong></span> <span class='ocrx_word' id='word_1_30' title='bbox 504 1177 700 1277; x_wconf 86' lang='lat' dir='ltr'><strong>prohibere,</strong></span> <span class='ocrx_word' id='word_1_31' title='bbox 718 1180 764 1252; x_wconf 88' lang='lat' dir='ltr'><strong>ad</strong></span> <span class='ocrx_word' id='word_1_32' title='bbox 782 1204 915 1252; x_wconf 86' lang='lat' dir='ltr'><strong>coenam</strong></span> <span class='ocrx_word' id='word_1_33' title='bbox 931 1204 976 1251; x_wconf 92' lang='lat' dir='ltr'><strong>ne</strong></span> <span class='ocrx_word' id='word_1_34' title='bbox 986 1181 1187 1277; x_wconf 78' lang='lat' dir='ltr'><strong>promittat,</strong></span> <span class='ocrx_word' id='word_1_35' title='bbox 1205 1179 1372 1278; x_wconf 80' lang='lat' dir='ltr'><strong>postules,</strong></span> 
     </span>
     <span class='ocr_line' id='line_1_7' title="bbox 285 1286 1372 1402; baseline 0.002 -28"><span class='ocrx_word' id='word_1_36' title='bbox 285 1304 388 1377; x_wconf 89' lang='lat' dir='ltr'><strong>Neve</strong></span> <span class='ocrx_word' id='word_1_37' title='bbox 411 1330 621 1402; x_wconf 85' lang='lat' dir='ltr'><strong>quemquam</strong></span> <span class='ocrx_word' id='word_1_38' title='bbox 648 1286 798 1402; x_wconf 90' lang='lat' dir='ltr'><strong>accipiat</strong></span> <span class='ocrx_word' id='word_1_39' title='bbox 816 1306 971 1378; x_wconf 87' lang='lat' dir='ltr'><strong>alienum</strong></span> <span class='ocrx_word' id='word_1_40' title='bbox 992 1306 1088 1401; x_wconf 89' lang='lat' dir='ltr'><strong>apud</strong></span> <span class='ocrx_word' id='word_1_41' title='bbox 1111 1317 1156 1380; x_wconf 88' lang='lat' dir='ltr'><strong>te.</strong></span> <span class='ocrx_word' id='word_1_42' title='bbox 1199 1303 1372 1379; x_wconf 83' lang='lat' dir='ltr'><strong>Serviren’</strong></span> 
     </span>
     <span class='ocr_line' id='line_1_8' title="bbox 436 1436 502 1507; baseline -0.015 0"><span class='ocrx_word' id='word_1_43' title='bbox 436 1436 502 1507; x_wconf 89' lang='lat' dir='ltr'><strong>tibi</strong></span> 
     </span>
    </p>
   </div>
   <div class='ocr_carea' id='block_1_3' title="bbox 187 1559 1376 2285">
    <p class='ocr_par' dir='ltr' id='par_1_3' title="bbox 187 1559 1376 2285">
     <span class='ocr_line' id='line_1_9' title="bbox 286 1559 1325 1658; baseline 0.002 -27"><span class='ocrx_word' id='word_1_44' title='bbox 286 1559 450 1633; x_wconf 88' lang='lat' dir='ltr'><strong>Postulas</strong></span> <span class='ocrx_word' id='word_1_45' title='bbox 475 1562 594 1633; x_wconf 83' lang='lat' dir='ltr'><strong>viros?</strong></span> <span class='ocrx_word' id='word_1_46' title='bbox 633 1562 729 1633; x_wconf 87' lang='lat' dir='ltr'><strong>Dare</strong></span> <span class='ocrx_word' id='word_1_47' title='bbox 754 1585 827 1632; x_wconf 90' lang='lat' dir='ltr'><strong>una</strong></span> <span class='ocrx_word' id='word_1_48' title='bbox 852 1586 957 1657; x_wconf 88' lang='lat' dir='ltr'><strong>opera</strong></span> <span class='ocrx_word' id='word_1_49' title='bbox 981 1584 1128 1656; x_wconf 91' lang='lat' dir='ltr'><strong>pensum</strong></span> <span class='ocrx_word' id='word_1_50' title='bbox 1157 1559 1325 1658; x_wconf 84' lang='lat' dir='ltr'><strong>postules,</strong></span> 
     </span>
     <span class='ocr_line' id='line_1_10' title="bbox 285 1682 1156 1783; baseline 0.001 -27"><span class='ocrx_word' id='word_1_51' title='bbox 285 1682 388 1758; x_wconf 88' lang='lat' dir='ltr'><strong>Inter</strong></span> <span class='ocrx_word' id='word_1_52' title='bbox 411 1686 556 1760; x_wconf 84' lang='lat' dir='ltr'><strong>ancillas</strong></span> <span class='ocrx_word' id='word_1_53' title='bbox 583 1689 703 1760; x_wconf 90' lang='lat' dir='ltr'><strong>sedere</strong></span> <span class='ocrx_word' id='word_1_54' title='bbox 723 1688 860 1783; x_wconf 87' lang='lat' dir='ltr'><strong>jubeas,</strong></span> <span class='ocrx_word' id='word_1_55' title='bbox 885 1687 1004 1758; x_wconf 89' lang='lat' dir='ltr'><strong>lanam</strong></span> <span class='ocrx_word' id='word_1_56' title='bbox 1028 1711 1156 1776; x_wconf 24' lang='lat' dir='ltr'><strong>,carere</strong></span> 
     </span>
     <span class='ocr_line' id='line_1_11' title="bbox 187 1804 1374 1908; baseline 0.006 -29"><span class='ocrx_word' id='word_1_57' title='bbox 187 1811 269 1879; x_wconf 72' lang='grc' dir='ltr'><strong>ΜΗ.</strong></span> <span class='ocrx_word' id='word_1_58' title='bbox 284 1804 370 1880; x_wconf 85' lang='grc' dir='ltr'><strong>Νοη</strong></span> <span class='ocrx_word' id='word_1_59' title='bbox 398 1811 560 1906; x_wconf 88' lang='lat' dir='ltr'><strong>equidem</strong></span> <span class='ocrx_word' id='word_1_60' title='bbox 581 1810 672 1883; x_wconf 92' lang='lat' dir='ltr'><strong>mihi</strong></span> <span class='ocrx_word' id='word_1_61' title='bbox 694 1823 731 1883; x_wconf 86' lang='lat' dir='ltr'><strong>te</strong></span> <span class='ocrx_word' id='word_1_62' title='bbox 754 1811 976 1895; x_wconf 89' lang='lat' dir='ltr'><strong>advocatum,</strong></span> <span class='ocrx_word' id='word_1_63' title='bbox 1001 1821 1112 1908; x_wconf 86' lang='lat' dir='ltr'><strong>pater,</strong></span> <span class='ocrx_word' id='word_1_64' title='bbox 1140 1810 1285 1896; x_wconf 86' lang='lat' dir='ltr'><strong>adduxi,</strong></span> <span class='ocrx_word' id='word_1_65' title='bbox 1312 1812 1374 1886; x_wconf 89' lang='lat' dir='ltr'><strong>sed</strong></span> 
     </span>
     <span class='ocr_line' id='line_1_12' title="bbox 436 1936 1376 2012; baseline 0.006 -6"><span class='ocrx_word' id='word_1_66' title='bbox 436 1936 521 2008; x_wconf 88' lang='lat' dir='ltr'><strong>viro.</strong></span> <span class='ocrx_word' id='word_1_67' title='bbox 1318 1954 1376 2012; x_wconf 87' lang='lat'><strong>700</strong></span> 
     </span>
     <span class='ocr_line' id='line_1_13' title="bbox 285 2056 878 2168; baseline 0.008 -38"><span class='ocrx_word' id='word_1_68' title='bbox 285 2056 389 2168; x_wconf 83' lang='lat' dir='ltr'><strong>Hinc</strong></span> <span class='ocrx_word' id='word_1_69' title='bbox 401 2074 494 2148; x_wconf 84' lang='lat' dir='ltr'><strong>stas3</strong></span> <span class='ocrx_word' id='word_1_70' title='bbox 512 2061 613 2148; x_wconf 87' lang='lat' dir='ltr'><strong>illinc</strong></span> <span class='ocrx_word' id='word_1_71' title='bbox 626 2088 766 2136; x_wconf 84' lang='lat' dir='ltr'><strong>causam</strong></span> <span class='ocrx_word' id='word_1_72' title='bbox 780 2063 878 2136; x_wconf 90' lang='lat' dir='ltr'><strong>dicis.</strong></span> 
     </span>
     <span class='ocr_line' id='line_1_14' title="bbox 855 2187 1372 2285; baseline 0 -23"><span class='ocrx_word' id='word_1_73' title='bbox 855 2189 923 2262; x_wconf 83' lang='lat' dir='ltr'><strong>SE.</strong></span> <span class='ocrx_word' id='word_1_74' title='bbox 943 2189 983 2262; x_wconf 90' lang='lat' dir='ltr'><strong>Si</strong></span> <span class='ocrx_word' id='word_1_75' title='bbox 996 2188 1058 2261; x_wconf 92' lang='lat' dir='ltr'><strong>ille</strong></span> <span class='ocrx_word' id='word_1_76' title='bbox 1072 2188 1158 2284; x_wconf 93' lang='lat' dir='ltr'><strong>quid</strong></span> <span class='ocrx_word' id='word_1_77' title='bbox 1171 2187 1372 2285; x_wconf 89' lang='lat' dir='ltr'><strong>deliquerit,</strong></span> 
     </span>
    </p>
   </div>
   <div class='ocr_carea' id='block_1_4' title="bbox 215 2371 1334 2512">
    <p class='ocr_par' dir='ltr' id='par_1_4' title="bbox 215 2371 1334 2512">
     <span class='ocr_line' id='line_1_15' title="bbox 215 2371 1334 2440; baseline 0.008 -24"><span class='ocrx_word' id='word_1_78' title='bbox 215 2389 238 2419; x_wconf 88' lang='lat' dir='ltr'><strong>v.</strong></span> <span class='ocrx_word' id='word_1_79' title='bbox 251 2372 305 2419; x_wconf 85' lang='grc'><strong>694.</strong></span> <span class='ocrx_word' id='word_1_80' title='bbox 329 2371 415 2430; x_wconf 81' lang='lat' dir='ltr'><strong>Tuon’,</strong></span> <span class='ocrx_word' id='word_1_81' title='bbox 438 2373 565 2431; x_wconf 77' lang='lat' dir='ltr'><strong>monosyll.</strong></span> <span class='ocrx_word' id='word_1_82' title='bbox 591 2375 682 2435; x_wconf 85' lang='lat' dir='ltr'><strong>[Supra</strong></span> <span class='ocrx_word' id='word_1_83' title='bbox 695 2375 761 2436; x_wconf 79' lang='grc'><strong>560]</strong></span> <span class='ocrx_word' id='word_1_84' title='bbox 802 2377 855 2424; x_wconf 70' lang='lat' dir='ltr'><strong>uei.</strong></span> <span class='ocrx_word' id='word_1_85' title='bbox 870 2378 948 2439; x_wconf 81' lang='lat' dir='ltr'><strong>Apud,</strong></span> <span class='ocrx_word' id='word_1_86' title='bbox 971 2377 1038 2425; x_wconf 83' lang='lat' dir='ltr'><strong>litera</strong></span> <span class='ocrx_word' id='word_1_87' title='bbox 1058 2380 1073 2424; x_wconf 86' lang='lat' dir='ltr'><strong>d</strong></span> <span class='ocrx_word' id='word_1_88' title='bbox 1093 2377 1149 2424; x_wconf 90' lang='lat' dir='ltr'><strong>elid.</strong></span> <span class='ocrx_word' id='word_1_89' title='bbox 1177 2379 1269 2440; x_wconf 85' lang='lat' dir='ltr'><strong>[Supra</strong></span> <span class='ocrx_word' id='word_1_90' title='bbox 1284 2377 1334 2438; x_wconf 75' lang='lat' dir='ltr'><strong>la]</strong></span> 
     </span>
     <span class='ocr_line' id='line_1_16' title="bbox 648 2453 954 2512; baseline 0.007 -12"><span class='ocrx_word' id='word_1_91' title='bbox 648 2454 702 2501; x_wconf 83' lang='grc'><strong>690.</strong></span> <span class='ocrx_word' id='word_1_92' title='bbox 720 2453 782 2512; x_wconf 76' lang='lat' dir='ltr'><strong>Uno,</strong></span> <span class='ocrx_word' id='word_1_93' title='bbox 799 2454 913 2502; x_wconf 87' lang='lat' dir='ltr'><strong>nonelid.</strong></span> <span class='ocrx_word' id='word_1_94' title='bbox 949 2463 954 2475; x_wconf 85' lang='lat'>’</span> 
     </span>
    </p>
   </div>
   <div class='ocr_carea' id='block_1_5' title="bbox 183 2590 1371 2766">
    <p class='ocr_par' dir='ltr' id='par_1_5' title="bbox 183 2590 1371 2766">
     <span class='ocr_line' id='line_1_17' title="bbox 183 2590 1371 2677; baseline 0.007 -27"><span class='ocrx_word' id='word_1_95' title='bbox 183 2591 256 2650; x_wconf 87' lang='lat' dir='ltr'><strong>tiam</strong></span> <span class='ocrx_word' id='word_1_96' title='bbox 279 2590 403 2650; x_wconf 84' lang='lat' dir='ltr'><strong>adhibes</strong></span> <span class='ocrx_word' id='word_1_97' title='bbox 426 2593 458 2650; x_wconf 90' lang='lat' dir='ltr'><strong>in</strong></span> <span class='ocrx_word' id='word_1_98' title='bbox 480 2594 666 2652; x_wconf 80' lang='lat' dir='ltr'><strong>observando</strong></span> <span class='ocrx_word' id='word_1_99' title='bbox 689 2596 754 2653; x_wconf 83' lang='lat' dir='ltr'><strong>viro</strong></span> <span class='ocrx_word' id='word_1_100' title='bbox 803 2599 977 2657; x_wconf 87' lang='lat' dir='ltr'><strong>ancillarum</strong></span> <span class='ocrx_word' id='word_1_101' title='bbox 1010 2619 1141 2677; x_wconf 87' lang='lat' dir='ltr'><strong>operam,</strong></span> <span class='ocrx_word' id='word_1_102' title='bbox 1181 2600 1301 2677; x_wconf 79' lang='lat' dir='ltr'><strong>colligas</strong></span> <span class='ocrx_word' id='word_1_103' title='bbox 1335 2621 1371 2658; x_wconf 85' lang='lat' dir='ltr'><strong>ex</strong></span> 
     </span>
     <span class='ocr_line' id='line_1_18' title="bbox 184 2687 1107 2766; baseline 0.007 -21"><span class='ocrx_word' id='word_1_104' title='bbox 184 2687 259 2764; x_wconf 90' lang='lat' dir='ltr'><strong>quid</strong></span> <span class='ocrx_word' id='word_1_105' title='bbox 285 2706 386 2746; x_wconf 88' lang='lat' dir='ltr'><strong>rerum</strong></span> <span class='ocrx_word' id='word_1_106' title='bbox 413 2698 507 2766; x_wconf 77' lang='lat' dir='ltr'><strong>gerat</strong></span> <span class='ocrx_word' id='word_1_107' title='bbox 548 2688 651 2747; x_wconf 78' lang='lat' dir='ltr'><strong>Lama.</strong></span> <span class='ocrx_word' id='word_1_108' title='bbox 694 2690 753 2749; x_wconf 88' lang='lat' dir='ltr'><strong>Sed</strong></span> <span class='ocrx_word' id='word_1_109' title='bbox 805 2695 904 2752; x_wconf 83' lang='lat' dir='ltr'><strong>Nostr.</strong></span> <span class='ocrx_word' id='word_1_110' title='bbox 927 2694 1019 2754; x_wconf 84' lang='lat' dir='ltr'><strong>More.</strong></span> <span class='ocrx_word' id='word_1_111' title='bbox 1040 2701 1107 2764; x_wconf 84' lang='lat'><strong>390.</strong></span> 
     </span>
    </p>
   </div>
   <div class='ocr_carea' id='block_1_6' title="bbox 183 2781 1370 2953">
    <p class='ocr_par' dir='ltr' id='par_1_6' title="bbox 183 2781 1370 2953">
     <span class='ocr_line' id='line_1_19' title="bbox 183 2781 1370 2868; baseline 0 -12"><span class='ocrx_word' id='word_1_112' title='bbox 183 2781 253 2840; x_wconf 68' lang='lat' dir='ltr'><strong>Vide</strong></span> <span class='ocrx_word' id='word_1_113' title='bbox 276 2801 315 2840; x_wconf 69' lang='lat'><strong>¹¹⁰</strong></span> <span class='ocrx_word' id='word_1_114' title='bbox 339 2783 378 2840; x_wconf 67' lang='lat' dir='ltr'><strong>Sit</strong></span> <span class='ocrx_word' id='word_1_115' title='bbox 403 2782 443 2840; x_wconf 71' lang='lat' dir='ltr'><strong>id·</strong></span> <span class='ocrx_word' id='word_1_116' title='bbox 466 2803 516 2860; x_wconf 75' lang='lat' dir='ltr'><strong>(lu-</strong></span> <span class='ocrx_word' id='word_1_117' title='bbox 537 2783 666 2843; x_wconf 67' lang='lat' dir='ltr'><strong>f⁰fm¹¹l³</strong></span> <span class='ocrx_word' id='word_1_118' title='bbox 692 2786 752 2843; x_wconf 73' lang='lat' dir='ltr'><strong>USi·</strong></span> <span class='ocrx_word' id='word_1_119' title='bbox 804 2810 819 2832; x_wconf 88' lang='lat'><em>“</em></span> <span class='ocrx_word' id='word_1_120' title='bbox 833 2799 902 2856; x_wconf 89' lang='lat' dir='ltr'><strong>Nihil</strong></span> <span class='ocrx_word' id='word_1_121' title='bbox 912 2824 971 2868; x_wconf 82' lang='lat' dir='ltr'><strong>opus</strong></span> <span class='ocrx_word' id='word_1_122' title='bbox 985 2808 1052 2857; x_wconf 86' lang='lat' dir='ltr'><strong>nobis</strong></span> <span class='ocrx_word' id='word_1_123' title='bbox 1065 2807 1162 2866; x_wconf 83' lang='lat' dir='ltr'><strong>ancilla,</strong></span> <span class='ocrx_word' id='word_1_124' title='bbox 1178 2808 1222 2856; x_wconf 86' lang='lat' dir='ltr'><strong>nisi</strong></span> <span class='ocrx_word' id='word_1_125' title='bbox 1233 2825 1288 2868; x_wconf 69' lang='lat' dir='ltr'><strong>qum</strong></span> <span class='ocrx_word' id='word_1_126' title='bbox 1299 2818 1370 2866; x_wconf 83' lang='lat' dir='ltr'><strong>texat,</strong></span> 
     </span>
     <span class='ocr_line' id='line_1_20' title="bbox 183 2872 1006 2953; baseline 0 -23"><span class='ocrx_word' id='word_1_127' title='bbox 183 2872 336 2942; x_wconf 67' lang='lat' dir='ltr'><strong>castissima,</strong></span> <span class='ocrx_word' id='word_1_128' title='bbox 350 2873 585 2943; x_wconf 80' lang='lat' dir='ltr'><strong>Obindustriom‚</strong></span> <span class='ocrx_word' id='word_1_129' title='bbox 603 2875 669 2933; x_wconf 90' lang='lat' dir='ltr'><strong>‘On</strong></span> <span class='ocrx_word' id='word_1_130' title='bbox 679 2896 752 2953; x_wconf 87' lang='lat' dir='ltr'><strong>pur·</strong></span> <span class='ocrx_word' id='word_1_131' title='bbox 861 2899 915 2942; x_wconf 79' lang='lat' dir='ltr'><strong>qua</strong></span> <span class='ocrx_word' id='word_1_132' title='bbox 925 2884 1006 2941; x_wconf 77' lang='lat' dir='ltr'><strong>molat,</strong></span> 
     </span>
    </p>
   </div>
   <div class='ocr_carea' id='block_1_7' title="bbox 182 2957 1539 3047">
    <p class='ocr_par' dir='ltr' id='par_1_7' title="bbox 182 2957 1539 3047">
     <span class='ocr_line' id='line_1_21' title="bbox 182 2957 1539 3047; baseline 0.001 -44"><span class='ocrx_word' id='word_1_133' title='bbox 182 2988 272 3045; x_wconf 70' lang='lat' dir='ltr'>P⁰⁸⁰3</span> <span class='ocrx_word' id='word_1_134' title='bbox 286 2969 333 3026; x_wconf 69' lang='lat' dir='ltr'><strong>for</strong></span> <span class='ocrx_word' id='word_1_135' title='bbox 347 2989 421 3047; x_wconf 65' lang='lat' dir='ltr'>very</span> <span class='ocrx_word' id='word_1_136' title='bbox 435 2969 529 3047; x_wconf 66' lang='lat' dir='ltr'><strong>spite!</strong></span> <span class='ocrx_word' id='word_1_137' title='bbox 560 2969 641 3028; x_wconf 65' lang='lat' dir='ltr'>Vide</span> <span class='ocrx_word' id='word_1_138' title='bbox 655 2970 752 3028; x_wconf 47' lang='lat' dir='ltr'><strong>Gloss·</strong></span> <span class='ocrx_word' id='word_1_139' title='bbox 834 2958 935 3015; x_wconf 72' lang='lat' dir='ltr'><strong>Lignum</strong></span> <span class='ocrx_word' id='word_1_140' title='bbox 949 2958 1033 3013; x_wconf 68' lang='lat' dir='ltr'><strong>caedat,</strong></span> <span class='ocrx_word' id='word_1_141' title='bbox 1048 2973 1139 3018; x_wconf 82' lang='lat' dir='ltr'><strong>pensum</strong></span> <span class='ocrx_word' id='word_1_142' title='bbox 1150 2961 1235 3016; x_wconf 78' lang='lat' dir='ltr'><strong>sociat,</strong></span> <span class='ocrx_word' id='word_1_143' title='bbox 1252 2957 1308 3005; x_wconf 86' lang='lat' dir='ltr'><strong>aedis</strong></span> <span class='ocrx_word' id='word_1_144' title='bbox 1319 2974 1371 3006; x_wconf 89' lang='lat' dir='ltr'><strong>ver·</strong></span> <span class='ocrx_word' id='word_1_145' title='bbox 1482 2961 1486 2974; x_wconf 84' lang='lat'><em>¹</em></span> <span class='ocrx_word' id='word_1_146' title='bbox 1538 2991 1539 2998; x_wconf 51' lang='grc'><strong>.</strong></span> 
     </span>
    </p>
   </div>
   <div class='ocr_carea' id='block_1_8' title="bbox 863 3030 1044 3089">
    <p class='ocr_par' dir='ltr' id='par_1_8' title="bbox 863 3030 1044 3089">
     <span class='ocr_line' id='line_1_22' title="bbox 863 3030 1044 3089; baseline 0.006 -12"><span class='ocrx_word' id='word_1_147' title='bbox 863 3039 906 3087; x_wconf 84' lang='lat' dir='ltr'><strong>rat,</strong></span> <span class='ocrx_word' id='word_1_148' title='bbox 922 3030 1044 3089; x_wconf 81' lang='lat' dir='ltr'><strong>vapulet.’‘</strong></span> 
     </span>
    </p>
   </div>
   <div class='ocr_carea' id='block_1_9' title="bbox 805 3122 1063 3182">
    <p class='ocr_par' dir='ltr' id='par_1_9' title="bbox 805 3122 1063 3182">
     <span class='ocr_line' id='line_1_23' title="bbox 805 3122 1063 3182; baseline 0 -2"><span class='ocrx_word' id='word_1_149' title='bbox 805 3123 847 3180; x_wconf 84' lang='lat' dir='ltr'><strong>Et</strong></span> <span class='ocrx_word' id='word_1_150' title='bbox 860 3122 938 3181; x_wconf 92' lang='lat' dir='ltr'><strong>Ibid.</strong></span> <span class='ocrx_word' id='word_1_151' title='bbox 954 3143 981 3181; x_wconf 89' lang='lat' dir='ltr'><strong>v.</strong></span> <span class='ocrx_word' id='word_1_152' title='bbox 997 3131 1063 3182; x_wconf 82' lang='lat'><strong>408.</strong></span> 
     </span>
    </p>
   </div>
   <div class='ocr_carea' id='block_1_10' title="bbox 222 3216 1370 3308">
    <p class='ocr_par' dir='ltr' id='par_1_10' title="bbox 222 3216 1370 3308">
     <span class='ocr_line' id='line_1_24' title="bbox 222 3216 1370 3308; baseline -0.003 -39"><span class='ocrx_word' id='word_1_153' title='bbox 222 3226 290 3297; x_wconf 44' lang='lat'><strong>696·</strong></span> <span class='ocrx_word' id='word_1_154' title='bbox 334 3228 400 3285; x_wconf 69' lang='lat' dir='ltr'><strong>Una</strong></span> <span class='ocrx_word' id='word_1_155' title='bbox 414 3229 531 3306; x_wconf 61' lang='lat' dir='ltr'><em>opem]</em></span> <span class='ocrx_word' id='word_1_156' title='bbox 557 3228 645 3288; x_wconf 63' lang='lat' dir='ltr'>‘you</span> <span class='ocrx_word' id='word_1_157' title='bbox 656 3230 754 3308; x_wconf 61' lang='lat' dir='ltr'>might</span> <span class='ocrx_word' id='word_1_158' title='bbox 804 3219 820 3240; x_wconf 90' lang='lat'><strong>“</strong></span> <span class='ocrx_word' id='word_1_159' title='bbox 833 3218 870 3265; x_wconf 82' lang='lat' dir='ltr'><strong>Ea</strong></span> <span class='ocrx_word' id='word_1_160' title='bbox 881 3216 961 3274; x_wconf 88' lang='lat' dir='ltr'><strong>molet,</strong></span> <span class='ocrx_word' id='word_1_161' title='bbox 979 3227 1072 3278; x_wconf 86' lang='lat' dir='ltr'><strong>coquet,</strong></span> <span class='ocrx_word' id='word_1_162' title='bbox 1088 3220 1190 3278; x_wconf 79' lang='lat' dir='ltr'><strong>conficiet</strong></span> <span class='ocrx_word' id='word_1_163' title='bbox 1200 3234 1301 3278; x_wconf 76' lang='lat' dir='ltr'><strong>pensum,</strong></span> <span class='ocrx_word' id='word_1_164' title='bbox 1317 3218 1370 3277; x_wconf 85' lang='lat' dir='ltr'><strong>piu-</strong></span> 
     </span>
    </p>
   </div>
   <div class='ocr_carea' id='block_1_11' title="bbox 184 3291 1370 3467">
    <p class='ocr_par' dir='ltr' id='par_1_11' title="bbox 184 3291 1370 3467">
     <span class='ocr_line' id='line_1_25' title="bbox 184 3291 1096 3400; baseline 0.009 -18"><span class='ocrx_word' id='word_1_165' title='bbox 184 3343 216 3382; x_wconf 84' lang='lat' dir='ltr'><strong>as</strong></span> <span class='ocrx_word' id='word_1_166' title='bbox 229 3322 316 3381; x_wconf 63' lang='lat' dir='ltr'><strong>well?</strong></span> <span class='ocrx_word' id='word_1_167' title='bbox 357 3322 455 3400; x_wconf 90' lang='lat' dir='ltr'><strong>Supra</strong></span> <span class='ocrx_word' id='word_1_168' title='bbox 467 3324 534 3384; x_wconf 75' lang='lat'><strong>426.</strong></span> <span class='ocrx_word' id='word_1_169' title='bbox 861 3299 925 3338; x_wconf 87' lang='lat' dir='ltr'><strong>setur</strong></span> <span class='ocrx_word' id='word_1_170' title='bbox 939 3291 1037 3349; x_wconf 80' lang='lat' dir='ltr'><strong>flagro.”</strong></span> <span class='ocrx_word' id='word_1_171' title='bbox 1059 3385 1096 3397; x_wconf 90' lang='grc'><strong>,,</strong></span> 
     </span>
     <span class='ocr_line' id='line_1_26' title="bbox 846 3385 1370 3467; baseline 0.008 -23"><span class='ocrx_word' id='word_1_172' title='bbox 846 3387 911 3451; x_wconf 87' lang='grc'><strong>700.</strong></span> <span class='ocrx_word' id='word_1_173' title='bbox 946 3385 1013 3444; x_wconf 86' lang='lat' dir='ltr'><strong>Non</strong></span> <span class='ocrx_word' id='word_1_174' title='bbox 1027 3385 1096 3442; x_wconf 68' lang='lat' dir='ltr'><strong>melu</strong></span> <span class='ocrx_word' id='word_1_175' title='bbox 1107 3385 1283 3456; x_wconf 80' lang='lat' dir='ltr'><strong>advocatum,</strong></span> <span class='ocrx_word' id='word_1_176' title='bbox 1295 3389 1370 3467; x_wconf 78' lang='lat' dir='ltr'><strong>etc]</strong></span> 
     </span>
    </p>
   </div>
   <div class='ocr_carea' id='block_1_12' title="bbox 183 3480 1454 3943">
    <p class='ocr_par' dir='ltr' id='par_1_12' title="bbox 183 3480 1454 3943">
     <span class='ocr_line' id='line_1_27' title="bbox 222 3480 1277 3564; baseline -0.002 -23"><span class='ocrx_word' id='word_1_177' title='bbox 222 3484 289 3553; x_wconf 89' lang='grc'><strong>697.</strong></span> <span class='ocrx_word' id='word_1_178' title='bbox 321 3483 536 3555; x_wconf 78' lang='lat' dir='ltr'><strong>Seroiren&#39;tibi,</strong></span> <span class='ocrx_word' id='word_1_179' title='bbox 546 3485 622 3564; x_wconf 73' lang='lat' dir='ltr'><strong>eta]</strong></span> <span class='ocrx_word' id='word_1_180' title='bbox 634 3486 751 3556; x_wconf 81' lang='lat' dir='ltr'><strong>‘What,</strong></span> <span class='ocrx_word' id='word_1_181' title='bbox 804 3480 946 3540; x_wconf 76' lang='lat' dir='ltr'><strong>conferas</strong></span> <span class='ocrx_word' id='word_1_182' title='bbox 961 3480 1029 3539; x_wconf 88' lang='lat' dir='ltr'><strong>Ter.</strong></span> <span class='ocrx_word' id='word_1_183' title='bbox 1043 3480 1103 3538; x_wconf 83' lang='lat' dir='ltr'><strong>Ad.</strong></span> <span class='ocrx_word' id='word_1_184' title='bbox 1119 3480 1172 3537; x_wconf 92' lang='lat' dir='ltr'><strong>1v.</strong></span> <span class='ocrx_word' id='word_1_185' title='bbox 1188 3501 1215 3539; x_wconf 89' lang='lat' dir='ltr'><strong>v.</strong></span> <span class='ocrx_word' id='word_1_186' title='bbox 1230 3490 1277 3542; x_wconf 76' lang='lat'><strong>42.</strong></span> 
     </span>
     <span class='ocr_line' id='line_1_28' title="bbox 183 3579 1454 3658; baseline 0.001 -22"><span class='ocrx_word' id='word_1_187' title='bbox 183 3579 223 3638; x_wconf 90' lang='lat' dir='ltr'><strong>do</strong></span> <span class='ocrx_word' id='word_1_188' title='bbox 238 3600 300 3657; x_wconf 89' lang='lat' dir='ltr'><strong>you</strong></span> <span class='ocrx_word' id='word_1_189' title='bbox 318 3590 425 3657; x_wconf 80' lang='lat' dir='ltr'><strong>expect</strong></span> <span class='ocrx_word' id='word_1_190' title='bbox 439 3600 515 3658; x_wconf 72' lang='lat' dir='ltr'><strong>your</strong></span> <span class='ocrx_word' id='word_1_191' title='bbox 535 3579 684 3638; x_wconf 78' lang='lat' dir='ltr'><strong>husbands</strong></span> <span class='ocrx_word' id='word_1_192' title='bbox 703 3601 753 3640; x_wconf 84' lang='lat' dir='ltr'><strong>are</strong></span> <span class='ocrx_word' id='word_1_193' title='bbox 804 3590 818 3610; x_wconf 88' lang='lat'>“</span> <span class='ocrx_word' id='word_1_194' title='bbox 832 3586 986 3635; x_wconf 86' lang='lat' dir='ltr'><strong>Ridiculum:</strong></span> <span class='ocrx_word' id='word_1_195' title='bbox 1016 3588 1156 3636; x_wconf 87' lang='lat' dir='ltr'><strong>advorsusue</strong></span> <span class='ocrx_word' id='word_1_196' title='bbox 1181 3587 1249 3636; x_wconf 91' lang='lat' dir='ltr'><strong>illum</strong></span> <span class='ocrx_word' id='word_1_197' title='bbox 1274 3605 1369 3637; x_wconf 85' lang='lat' dir='ltr'><strong>causam</strong></span> <span class='ocrx_word' id='word_1_198' title='bbox 1451 3635 1454 3642; x_wconf 82' lang='grc'><em>,</em></span> 
     </span>
     <span class='ocr_line' id='line_1_29' title="bbox 183 3664 1180 3760; baseline -0.003 -25"><span class='ocrx_word' id='word_1_199' title='bbox 183 3686 215 3735; x_wconf 85' lang='lat' dir='ltr'><strong>to</strong></span> <span class='ocrx_word' id='word_1_200' title='bbox 228 3679 266 3735; x_wconf 91' lang='lat' dir='ltr'><strong>be</strong></span> <span class='ocrx_word' id='word_1_201' title='bbox 279 3696 357 3755; x_wconf 86' lang='lat' dir='ltr'><strong>your</strong></span> <span class='ocrx_word' id='word_1_202' title='bbox 367 3675 492 3734; x_wconf 63' lang='lat' dir='ltr'><strong>slaves?</strong></span> <span class='ocrx_word' id='word_1_203' title='bbox 519 3674 610 3745; x_wconf 79' lang='lat' dir='ltr'><strong>Viros,</strong></span> <span class='ocrx_word' id='word_1_204' title='bbox 626 3676 675 3734; x_wconf 90' lang='lat' dir='ltr'><strong>De</strong></span> <span class='ocrx_word' id='word_1_205' title='bbox 684 3676 752 3754; x_wconf 93' lang='lat' dir='ltr'><strong>plu·</strong></span> <span class='ocrx_word' id='word_1_206' title='bbox 861 3664 971 3748; x_wconf 72' lang='lat' dir='ltr'><strong>dicerem,</strong></span> <span class='ocrx_word' id='word_1_207' title='bbox 1166 3740 1180 3760; x_wconf 82' lang='lat'>„</span> 
     </span>
     <span class='ocr_line' id='line_1_30' title="bbox 183 3738 1162 3844; baseline -0.003 -15"><span class='ocrx_word' id='word_1_208' title='bbox 183 3771 238 3830; x_wconf 82' lang='lat' dir='ltr'><strong>rali</strong></span> <span class='ocrx_word' id='word_1_209' title='bbox 258 3790 383 3830; x_wconf 89' lang='lat' dir='ltr'><strong>numero</strong></span> <span class='ocrx_word' id='word_1_210' title='bbox 403 3771 445 3829; x_wconf 86' lang='lat' dir='ltr'><strong>sic</strong></span> <span class='ocrx_word' id='word_1_211' title='bbox 465 3770 647 3829; x_wconf 86' lang='lat' dir='ltr'><strong>stomachose</strong></span> <span class='ocrx_word' id='word_1_212' title='bbox 665 3791 752 3830; x_wconf 86' lang='lat' dir='ltr'><strong>usur·</strong></span> <span class='ocrx_word' id='word_1_213' title='bbox 833 3738 880 3786; x_wconf 54' lang='grc' dir='ltr'><strong>ΟΠ]</strong></span> <span class='ocrx_word' id='word_1_214' title='bbox 895 3755 1004 3844; x_wconf 70' lang='lat' dir='ltr'><strong>veneram</strong></span> <span class='ocrx_word' id='word_1_215' title='bbox 1020 3740 1162 3788; x_wconf 56' lang='lat' dir='ltr'><strong>adl⁰⁰³²u⁸l</strong></span> 
     </span>
     <span class='ocr_line' id='line_1_31' title="bbox 183 3831 1371 3943; baseline -0.003 -19"><span class='ocrx_word' id='word_1_216' title='bbox 183 3875 264 3943; x_wconf 83' lang='lat' dir='ltr'><strong>pcto,</strong></span> <span class='ocrx_word' id='word_1_217' title='bbox 291 3864 422 3923; x_wconf 83' lang='lat' dir='ltr'><strong>diximus</strong></span> <span class='ocrx_word' id='word_1_218' title='bbox 448 3863 480 3921; x_wconf 91' lang='lat' dir='ltr'><strong>in</strong></span> <span class='ocrx_word' id='word_1_219' title='bbox 507 3884 535 3922; x_wconf 85' lang='lat' dir='ltr'><strong>v.</strong></span> <span class='ocrx_word' id='word_1_220' title='bbox 557 3872 623 3925; x_wconf 80' lang='lat'><strong><em>235.</em></strong></span> <span class='ocrx_word' id='word_1_221' title='bbox 655 3865 752 3924; x_wconf 88' lang='lat' dir='ltr'><strong>Gloss.</strong></span> <span class='ocrx_word' id='word_1_222' title='bbox 844 3840 908 3899; x_wconf 77' lang='lat'><strong>7⁰¹·</strong></span> <span class='ocrx_word' id='word_1_223' title='bbox 954 3831 1064 3911; x_wconf 57' lang='lat' dir='ltr'><strong>Hm]</strong></span> <span class='ocrx_word' id='word_1_224' title='bbox 1110 3833 1135 3891; x_wconf 66' lang='grc' dir='ltr'><em>Α</em></span> <span class='ocrx_word' id='word_1_225' title='bbox 1170 3854 1222 3904; x_wconf 61' lang='lat' dir='ltr'><strong>me’</strong></span> <span class='ocrx_word' id='word_1_226' title='bbox 1255 3857 1273 3894; x_wconf 75' lang='lat'>³</span> <span class='ocrx_word' id='word_1_227' title='bbox 1306 3855 1371 3896; x_wconf 62' lang='lat' dir='ltr'><strong>mea</strong></span> 
     </span>
    </p>
   </div>
   <div class='ocr_carea' id='block_1_13' title="bbox 183 3926 1371 4117">
    <p class='ocr_par' dir='ltr' id='par_1_13' title="bbox 183 3926 1371 4117">
     <span class='ocr_line' id='line_1_32' title="bbox 183 3926 1371 4032; baseline -0.027 -11"><span class='ocrx_word' id='word_1_228' title='bbox 183 3961 294 4021; x_wconf 82' lang='lat' dir='ltr'><strong>Confer</strong></span> <span class='ocrx_word' id='word_1_229' title='bbox 318 3961 408 4020; x_wconf 86' lang='lat' dir='ltr'><strong>etiam</strong></span> <span class='ocrx_word' id='word_1_230' title='bbox 435 3960 519 4020; x_wconf 84' lang='lat' dir='ltr'><strong>Infra</strong></span> <span class='ocrx_word' id='word_1_231' title='bbox 541 3961 650 4032; x_wconf 80' lang='lat'>705.63</span> <span class='ocrx_word' id='word_1_232' title='bbox 680 3962 752 4020; x_wconf 68' lang='lat' dir='ltr'><strong>Pal,</strong></span> <span class='ocrx_word' id='word_1_233' title='bbox 803 3937 897 4006; x_wconf 57' lang='lat' dir='ltr'><strong>Parte&gt;</strong></span> <span class='ocrx_word' id='word_1_234' title='bbox 921 3934 1005 3992; x_wconf 57' lang='lat'><strong>⁸5⁰⁸?</strong></span> <span class='ocrx_word' id='word_1_235' title='bbox 1029 3927 1048 3983; x_wconf 68' lang='lat' dir='ltr'><strong>l·</strong></span> <span class='ocrx_word' id='word_1_236' title='bbox 1064 3948 1088 3985; x_wconf 77' lang='grc' dir='ltr'><strong>θ·</strong></span> <span class='ocrx_word' id='word_1_237' title='bbox 1113 3926 1186 3984; x_wconf 73' lang='lat' dir='ltr'><strong>mihi</strong></span> <span class='ocrx_word' id='word_1_238' title='bbox 1209 3929 1371 3990; x_wconf 78' lang='lat' dir='ltr'><strong>advocatus</strong></span> 
     </span>
     <span class='ocr_line' id='line_1_33' title="bbox 184 4021 1370 4117; baseline -0.017 -16"><span class='ocrx_word' id='word_1_239' title='bbox 184 4060 243 4117; x_wconf 58' lang='grc' dir='ltr'><strong>ιω,</strong></span> <span class='ocrx_word' id='word_1_240' title='bbox 253 4101 261 4116; x_wconf 56' lang='lat'>‚</span> <span class='ocrx_word' id='word_1_241' title='bbox 272 4102 278 4116; x_wconf 38' lang='lat'><strong>¹</strong></span> <span class='ocrx_word' id='word_1_242' title='bbox 285 4057 378 4117; x_wconf 43' lang='lat' dir='ltr'><strong><em>arcis,</em></strong></span> <span class='ocrx_word' id='word_1_243' title='bbox 389 4103 396 4116; x_wconf 32' lang='lat'><em>⁶</em></span> <span class='ocrx_word' id='word_1_244' title='bbox 408 4058 592 4117; x_wconf 31' lang='lat' dir='ltr'><strong>’meretrices‘</strong></span> <span class='ocrx_word' id='word_1_245' title='bbox 803 4044 853 4094; x_wconf 82' lang='lat' dir='ltr'><strong>es3</strong></span> <span class='ocrx_word' id='word_1_246' title='bbox 876 4023 927 4081; x_wconf 92' lang='lat' dir='ltr'><strong>sed</strong></span> <span class='ocrx_word' id='word_1_247' title='bbox 941 4021 1032 4093; x_wconf 76' lang='lat' dir='ltr'><strong>illine,</strong></span> <span class='ocrx_word' id='word_1_248' title='bbox 1051 4023 1163 4094; x_wconf 89' lang='lat' dir='ltr'><strong>abillo,</strong></span> <span class='ocrx_word' id='word_1_249' title='bbox 1185 4025 1265 4102; x_wconf 89' lang='lat' dir='ltr'><strong>(viro</strong></span> <span class='ocrx_word' id='word_1_250' title='bbox 1278 4030 1370 4105; x_wconf 89' lang='lat' dir='ltr'><strong>meo,)</strong></span> 
     </span>
    </p>
   </div>
   <div class='ocr_carea' id='block_1_14' title="bbox 182 3063 320 3130">
    <p class='ocr_par' dir='ltr' id='par_1_14' title="bbox 182 3063 320 3130">
     <span class='ocr_line' id='line_1_34' title="bbox 182 3063 320 3130; baseline 0 -9"><span class='ocrx_word' id='word_1_251' title='bbox 182 3063 216 3122; x_wconf 89' lang='lat' dir='ltr'><strong>in</strong></span> <span class='ocrx_word' id='word_1_252' title='bbox 229 3084 258 3121; x_wconf 87' lang='lat' dir='ltr'><strong>v.</strong></span> <span class='ocrx_word' id='word_1_253' title='bbox 273 3072 320 3130; x_wconf 80' lang='lat'><strong>47.</strong></span> 
     </span>
    </p>
   </div>
   <div class='ocr_carea' id='block_1_15' title="bbox 185 4119 1372 4388">
    <p class='ocr_par' dir='ltr' id='par_1_15' title="bbox 185 4119 1372 4388">
     <span class='ocr_line' id='line_1_35' title="bbox 804 4119 1371 4198; baseline 0.005 -20"><span class='ocrx_word' id='word_1_254' title='bbox 804 4119 888 4198; x_wconf 63' lang='lat' dir='ltr'><strong>agia·</strong></span> <span class='ocrx_word' id='word_1_255' title='bbox 923 4120 997 4197; x_wconf 87' lang='lat' dir='ltr'><strong>ejus,</strong></span> <span class='ocrx_word' id='word_1_256' title='bbox 1026 4138 1085 4176; x_wconf 90' lang='lat' dir='ltr'><strong>non</strong></span> <span class='ocrx_word' id='word_1_257' title='bbox 1112 4139 1218 4190; x_wconf 88' lang='lat' dir='ltr'><strong>meam,</strong></span> <span class='ocrx_word' id='word_1_258' title='bbox 1252 4142 1371 4181; x_wconf 84' lang='lat' dir='ltr'><strong>causam</strong></span> 
     </span>
     <span class='ocr_line' id='line_1_36' title="bbox 222 4213 1372 4294; baseline 0 -19"><span class='ocrx_word' id='word_1_259' title='bbox 222 4215 288 4285; x_wconf 88' lang='grc'><strong>698.</strong></span> <span class='ocrx_word' id='word_1_260' title='bbox 329 4215 455 4274; x_wconf 77' lang='lat' dir='ltr'><strong>Peneum</strong></span> <span class='ocrx_word' id='word_1_261' title='bbox 483 4216 583 4294; x_wconf 78' lang='lat' dir='ltr'><strong>dora]</strong></span> <span class='ocrx_word' id='word_1_262' title='bbox 616 4216 694 4276; x_wconf 92' lang='lat' dir='ltr'><strong>Vide</strong></span> <span class='ocrx_word' id='word_1_263' title='bbox 722 4218 753 4274; x_wconf 92' lang='lat' dir='ltr'><strong>in</strong></span> <span class='ocrx_word' id='word_1_264' title='bbox 805 4213 938 4292; x_wconf 88' lang='lat' dir='ltr'><strong>suscipis.</strong></span> <span class='ocrx_word' id='word_1_265' title='bbox 980 4213 1095 4270; x_wconf 89' lang='lat' dir='ltr'><strong>Notum</strong></span> <span class='ocrx_word' id='word_1_266' title='bbox 1110 4225 1163 4283; x_wconf 90' lang='lat' dir='ltr'><strong>est,</strong></span> <span class='ocrx_word' id='word_1_267' title='bbox 1183 4214 1372 4275; x_wconf 87' lang='lat' dir='ltr'><strong>advocatosa</strong></span> 
     </span>
     <span class='ocr_line' id='line_1_37' title="bbox 185 4309 1371 4388; baseline -0.002 -18"><span class='ocrx_word' id='word_1_268' title='bbox 185 4313 281 4370; x_wconf 88' lang='lat' dir='ltr'><strong>Gloss.</strong></span> <span class='ocrx_word' id='word_1_269' title='bbox 314 4311 401 4369; x_wconf 84' lang='lat' dir='ltr'><strong>Hane</strong></span> <span class='ocrx_word' id='word_1_270' title='bbox 421 4320 520 4369; x_wconf 86' lang='lat' dir='ltr'><strong>autem</strong></span> <span class='ocrx_word' id='word_1_271' title='bbox 538 4331 601 4368; x_wconf 86' lang='lat' dir='ltr'><strong>esse</strong></span> <span class='ocrx_word' id='word_1_272' title='bbox 621 4309 751 4368; x_wconf 81' lang='lat' dir='ltr'><strong>viliorum</strong></span> <span class='ocrx_word' id='word_1_273' title='bbox 804 4312 894 4369; x_wconf 87' lang='lat' dir='ltr'><strong>latere</strong></span> <span class='ocrx_word' id='word_1_274' title='bbox 905 4309 1020 4368; x_wconf 88' lang='lat' dir='ltr'><strong>clientis</strong></span> <span class='ocrx_word' id='word_1_275' title='bbox 1035 4309 1090 4376; x_wconf 90' lang='lat' dir='ltr'><strong>sui,</strong></span> <span class='ocrx_word' id='word_1_276' title='bbox 1106 4309 1178 4366; x_wconf 90' lang='lat' dir='ltr'><strong>dum</strong></span> <span class='ocrx_word' id='word_1_277' title='bbox 1189 4309 1227 4367; x_wconf 87' lang='lat' dir='ltr'><strong>ad</strong></span> <span class='ocrx_word' id='word_1_278' title='bbox 1237 4310 1371 4388; x_wconf 88' lang='lat' dir='ltr'><strong>judicem</strong></span> 
     </span>
    </p>
   </div>
   <div class='ocr_carea' id='block_1_16' title="bbox 0 0 1548 5017">
    <p class='ocr_par' dir='ltr' id='par_1_16' title="bbox 0 0 1548 5017">
     <span class='ocr_line' id='line_1_38' title="bbox 0 0 1548 5017; baseline 0 0"><span class='ocrx_word' id='word_1_279' title='bbox 0 0 1548 5017; x_wconf 95' lang='lat' dir='ltr'><strong> </strong></span> 
     </span>
    </p>
   </div>
  </div>
 </body>
</html>
