3084 5017
242 461 286 546 78
674 466 722 528 Μ.
748 465 786 528 Α.
812 466 998 531 PLAUTI

241 662 327 734 ΜΕ.
343 662 516 758 Quisquis
534 687 581 747 es,
600 661 775 760 quidquid
792 665 859 737 tibi
876 688 1006 738 nomen
1023 674 1087 749 est,
1112 689 1230 750 senex,
1249 688 1430 738 summum

487 787 615 861 Jovem

341 914 506 1008 Deosque
517 913 563 986 do
574 914 677 986 testis
691 969 699 984 .
715 970 722 985 .
738 969 745 983 .
761 969 769 984 .

538 1037 602 1110 SE.
622 1039 706 1125 Qua
720 1040 826 1124 dere,
841 1052 905 1114 aut
918 1044 1044 1140 quoius
1057 1067 1095 1115 re
1106 1066 1224 1116 rerum
1237 1041 1426 1113 omnium?

240 1166 324 1239 ΜΕ.
342 1165 407 1238 Me
421 1188 535 1259 neque
553 1163 614 1235 isti
630 1163 723 1236 male
740 1162 862 1238 fecisse
880 1167 1032 1252 mulieri,
1052 1193 1129 1264 quae
1148 1192 1204 1238 me
1215 1137 1340 1263 'arguit
1368 1178 1426 1238 715

338 1290 448 1363 Hanc
463 1289 568 1361 domo
584 1291 629 1360 ab
645 1315 682 1362 se
691 1292 927 1388 subripuisse,
949 1307 1056 1391 atque
1074 1293 1260 1367 abstulisse
1277 1291 1425 1386 dejerat.

338 1416 378 1489 Si
395 1441 460 1512 ego
472 1415 568 1486 intra
584 1414 668 1487 aedis
682 1414 789 1511 hujus
807 1442 977 1514 uuquam,
995 1422 1056 1492 ubi
1072 1419 1222 1503 habitat,
1241 1391 1426 1514 penetravi

482 1540 619 1638 pedem,

336 1665 510 1739 Omnium
536 1665 720 1739 hominum
747 1680 876 1764 exopto
901 1682 944 1742 ut
966 1671 1048 1742 fiam
1075 1672 1281 1743 miserorum
1301 1669 1426 1741 miser-

484 1794 626 1862 numus!

237 1921 302 1995 Su.
335 1916 466 1992 Sanun’
497 1940 544 2000 es,
571 1919 633 2012 qui
656 1918 750 1990 istuc
777 1929 933 2014 exoptes,
963 1929 1024 1991 sut
1053 1943 1171 2015 neges,
1201 1929 1238 1990 te
1263 1940 1422 2013 unquam

481 2041 606 2139 pedem

336 2172 380 2243 ln
406 2195 464 2242 eas
489 2167 574 2240 aedis
599 2167 774 2253 intulisse,
799 2171 862 2242 ubi
888 2168 1037 2254 habitas,
1064 2169 1325 2241 insanissume?
1364 2183 1424 2242 720

237 2299 323 2371 ΜΕ.
337 2299 445 2380 Tun',
471 2321 589 2377 senex,
615 2297 667 2367 ais
693 2294 854 2368 habitere
880 2322 936 2368 me
961 2298 998 2368 in
1023 2297 1134 2369 illisce
1158 2295 1317 2367 oedibus?

237 2425 304 2498 Su.
341 2422 402 2494 Tu
416 2420 553 2516 negas?

483 2546 569 2620 ΜΕ.
588 2545 693 2646 Nego
707 2547 825 2621 hercle
838 2573 928 2620 vero.

785 2672 870 2745 Mu,
892 2671 1056 2745 Nimium
1070 2669 1136 2743 hoc
1148 2668 1284 2742 ludicre
1299 2691 1420 2763 degne,

333 2802 417 2877 Nisi
435 2761 505 2899 quo
521 2812 624 2874 nocte
641 2798 707 2872 hac
723 2796 915 2896 emigrasti.

923 2921 986 2993 SE.
1015 2920 1175 2994 Concede
1196 2916 1262 2990 hac
1279 2916 1420 2989 filia.—

334 3050 436 3139 Quid
450 3060 490 3122 tu
502 3050 580 3121 ais?
599 3074 686 3121 num
700 3046 784 3119 hinc
795 3045 1004 3145 emigranti?

480 3172 565 3244 ΜΕ.
581 3172 701 3259 Quem
713 3172 890 3256 inlocum,
903 3181 966 3244 aut
978 3194 1083 3266 quam
1096 3169 1236 3250 obrem,
1250 3167 1416 3238 obsecro?

233 3340 257 3369 v.
272 3322 323 3369 714.
343 3320 408 3376 Deos,
423 3317 550 3375 monosyll.
567 3318 657 3379 [Supra
666 3315 731 3376 557]
763 3317 816 3363 717.
832 3316 866 3370 Si,
883 3330 930 3363 non
944 3314 1061 3374 liquescit.
1080 3314 1168 3374 [Supra
1178 3310 1243 3370 653.]
1274 3311 1326 3358 721.
1344 3309 1419 3357 Med.

358 3393 410 3440 723.
426 3392 505 3446 Nocte,
521 3407 569 3439 non
584 3391 642 3438 elid.
657 3390 693 3437 B:
709 3407 738 3438 ex
753 3390 890 3450 conjectura
905 3390 968 3448 legit,
985 3389 1084 3436 Concede
1100 3388 1150 3444 hoc,
1165 3385 1211 3443 sis,
1222 3387 1284 3446 filia.

273 3522 339 3582 714.
370 3509 481 3575 Quoius
490 3530 521 3567 rc
530 3529 624 3566 rerum
633 3505 797 3585 omnium]
848 3507 975 3566 ‘Unless
996 3526 1057 3585 you
1078 3505 1154 3564 have
1177 3503 1314 3581 changed
1339 3523 1418 3581 your

232 3607 300 3667 ‘Of
306 3605 394 3673 what,
407 3603 438 3661 in
448 3602 499 3661 the
510 3621 596 3659 name
605 3601 641 3658 of
646 3599 797 3658 wonder?
847 3600 999 3659 residence
1024 3598 1104 3658 since
1130 3597 1308 3676 yesterdey.’
1350 3597 1417 3655 Nisi

233 3705 280 3762 De
300 3720 404 3777 repro
422 3697 465 3757 rei
484 3697 590 3775 posito,
612 3695 681 3755 vide
700 3695 797 3754 Gloss.
847 3698 925 3757 inter
964 3697 1136 3756 hesternum
1177 3695 1418 3772 hodiernumque

232 3798 263 3855 in
284 3817 312 3852 v.
329 3802 394 3854 151.
849 3795 927 3855 diem
949 3796 980 3852 in
1005 3795 1092 3852 aliam
1113 3793 1235 3851 domum
1255 3791 1417 3870 emigrasti.

272 3919 338 3976 7¹7·
359 3903 797 3982 Pmelravlpedem‘]sup‘3⁰9'
889 3947 954 4005 724.
985 3936 1073 4001 Quem
1082 3935 1112 3992 in
1121 3935 1220 4002 locum
1229 3933 1325 4010 etc.?]
1338 3931 1416 3990 Vide

272 4035 337 4095 722·
372 4020 527 4100 Ladios-c]
553 4019 796 4098 ‘RlfflCUl⁰u⁸ly·'
847 4056 884 4094 ne
897 4034 1003 4093 melius
1017 4032 1081 4090 haec
1096 4029 1219 4088 Mulieri
1232 4029 1413 4095 tribuantur,

231 4123 279 4180 Ita
294 4123 418 4189 Bornn,
439 4138 494 4196 pro
508 4117 590 4194 vulg.
608 4115 796 4194 impudenter,
847 4144 876 4192 et
902 4131 953 4190 5113
978 4127 1126 4208 praecedd,
1166 4124 1294 4183 Nimium
1321 4124 1413 4183 hoc...

230 4217 312 4295 quod
325 4227 454 4275 metrum
467 4214 589 4291 respuit.
848 4246 942 4304 usque
969 4224 1016 4292 ad,
1052 4243 1117 4280 num
1145 4218 1211 4278 hinc
1238 4217 1414 4296 emigranti?

271 4338 335 4397 723.
378 4328 446 4385 Nisi
467 4349 521 4406 quo
542 4335 619 4384 nocte
640 4326 704 4395 leuc,
722 4327 796 4405 etc]
847 4323 956 4383 rectius
979 4319 1047 4378 Seni
1069 4317 1288 4377 continuentur.
1336 4315 1413 4372 Nam
