3084 5017
1112 487 1768 552 MENAECHMEI.
2541 484 2630 569 67

244 693 406 765 ΜΕ.
440 686 633 763 Mihi
691 700 775 762 tu
824 700 907 762 ut
961 687 1241 762 dederis
1300 690 1568 787 pallam
1631 700 1705 762 et
1762 689 2085 787 spinther
2107 693 2140 761 ἶ)
2225 689 2619 786 Nunquam

740 815 1030 888 factum.
1135 813 1438 912 Relege‚
1493 817 1610 888 sis.

2504 831 2617 884 585

440 941 636 1013 Nam
697 964 828 1035 ego
878 938 1165 1035 quidem
1226 949 1603 1035 postquam
1660 937 1860 1012 illam
1924 938 2195 1013 dudum
2250 941 2386 1013 tibi
2434 939 2620 1024 dedi,

743 1074 958 1159 atque
1009 1064 1152 1136 abii
1204 1063 1295 1134 ad
1345 1063 1627 1148 forum;

441 1179 662 1261 Nunc
687 1187 918 1272 redeo,
945 1212 1137 1261 nunc
1163 1198 1235 1261 te
1261 1189 1553 1285 postilla
1575 1189 1798 1261 video.

1527 1306 1975 1402 ERſjVideo,
2013 1342 2225 1414 quam
2252 1342 2399 1390 rem
2430 1321 2622 1416 agis:

443 1440 617 1523 Quae
667 1441 984 1524 conmisi,
1043 1451 1128 1514 ut
1175 1465 1287 1512 me
1346 1439 1697 1525 defrudeS,
1751 1442 1842 1514 ad
1901 1468 2055 1517 eam
2104 1468 2253 1516 rem
2311 1443 2622 1531 adfectas

740 1565 948 1671 [iam.

243 1689 416 1762 ΜΕ.
437 1686 696 1785 Neque
742 1669 991 1787 edepol
1044 1700 1116 1762 te
1171 1689 1599 1763 defrudandi
1652 1718 1861 1764 causa
1905 1717 2129 1789 posco.
2236 1690 2440 1776 Quin
2486 1693 2621 1765 tibi

444 1812 659 1899 Dico,
697 1839 984 1887 uxorem
1015 1815 1395 1890 rescivisse.

1341 1940 1490 2013 ER.
1528 1942 1685 2015 Nec
1711 1953 1785 2015 te
1810 1942 1999 2016 ultro
2028 1943 2241 2027 oravi,
2275 1955 2358 2014 ut
2378 1940 2620 2014 dares:

442 2063 638 2140 Tute
657 2067 848 2140 ultro
871 2067 962 2139 ad
988 2092 1101 2139 me
1128 2067 1475 2142 detulisti.
1538 2068 1827 2143 Dedisti
1856 2094 2010 2143 eam
2033 2070 2219 2142 dono
2241 2067 2420 2141 mihi
2446 2093 2466 2156 ;
2506 2084 2613 2146 591

445 2190 778 2265 Eandem
808 2217 1000 2266 nunc
1024 2195 1345 2288 reposcis.
1404 2192 1691 2268 Patiar!
1728 2195 1864 2268 tibi
1888 2191 2110 2268 habe!
2148 2193 2384 2267 aufer!
2421 2204 2621 2267 utere

445 2314 591 2389 Vel
626 2329 731 2402 tu,
784 2316 896 2390 vel
939 2328 1068 2391 tua
1101 2322 1313 2390 uxor!
1366 2319 1478 2391 vel
1514 2320 1736 2392 etiam
1777 2320 1855 2391 in
1901 2318 2137 2392 oculos
2173 2317 2618 2414 conpingite!

367 2489 415 2518 v.
445 2472 551 2518 585.
591 2471 714 2517 Mss.
747 2470 988 2529 Releceris,
1016 2472 1091 2520 vel
1125 2472 1372 2532 Relcgeris,
1407 2473 1466 2521 B.
1493 2473 1576 2532 qui
1605 2489 1733 2522 nunc
1764 2474 1846 2521 dat
1873 2472 2039 2530 Relege
2059 2486 2160 2527 τως
2193 2469 2306 2517 olim
2329 2467 2497 2526 Relege
2514 2482 2625 2523 rem,

241 2547 315 2596 vel
359 2547 528 2605 Relege
566 2549 641 2603 sis,
683 2545 1002 2604 (”intellecto
1042 2548 1183 2595 verbo
1217 2548 1394 2607 rem,“)
1437 2549 1564 2608 quod
1595 2548 1799 2608 pretuli,
1839 2556 1893 2596 ut
1926 2546 2091 2595 ductui
2124 2545 2363 2593 literarum
2396 2541 2623 2602 propius:

240 2638 516 2683 quanquam
545 2621 761 2681 equidem
792 2622 1011 2669 mendam
1045 2621 1253 2680 aliquam
1291 2622 1551 2671 etiamdum
1583 2622 1771 2671 subesse
1802 2622 2034 2682 suspicer.
2094 2620 2202 2668 591.
2235 2618 2433 2674 Dedisti,
2473 2616 2626 2664 media

239 2699 349 2758 syn.
379 2697 552 2758 corrip.
588 2698 768 2759 [Supra
801 2695 899 2757 16.]
961 2698 1068 2745 592.
1103 2697 1320 2755 Eandem,
1350 2698 1532 2756 dissyll.
1569 2698 1751 2761 [Supra
1778 2698 1911 2758 334]
1946 2697 2094 2753 Habe,
2125 2711 2220 2742 non
2247 2693 2360 2742 elid.

321 2837 454 2889 585.
523 2826 681 2885 Mihi
700 2834 762 2885 tu
784 2835 847 2885 ut
868 2827 1095 2885 dederis
1114 2827 1186 2904 2]
1224 2828 1379 2887 Sub-

240 2926 379 2986 aud.
425 2925 588 2983 aisne
606 2926 638 2983 ‚2
711 2923 1066 3002 Emphatice
1111 2924 1377 2994 dictum,-

241 3033 310 3081 ut
356 3041 486 3089 noe,
546 3029 563 3054 ‘
580 3019 952 3098 What—you
1007 3019 1147 3096 give
1196 3039 1291 3077 me
1345 3040 1380 3076 a

241 3119 414 3178 cloak
455 3117 574 3176 and
615 3117 776 3194 clasp
795 3118 829 3173 !'

317 3265 400 3276 —
481 3228 709 3306 Relege‚
753 3226 893 3307 sia]
955 3226 1037 3284 H.
1060 3247 1110 3285 e.
1172 3225 1240 3284 Si
1274 3224 1377 3282 vis.

244 3334 261 3359 ‘
281 3323 584 3383 Recollect
609 3320 892 3398 yourself,
921 3321 979 3377 if
997 3340 1118 3398 you
1145 3320 1378 3397 please.'

242 3419 405 3478 Vide
433 3418 498 3475 in
525 3415 588 3473 N
591 3426 696 3474 ott.
726 3415 894 3473 Critt.

321 3556 454 3615 587.
547 3545 736 3613 Video,
793 3563 963 3623 quam
1021 3562 1136 3599 rem
1191 3539 1378 3618 agia]

243 3647 399 3715 ‘Oh,
460 3644 487 3702 Ι
539 3664 634 3702 see
680 3661 832 3719 your
881 3640 1059 3699 drist:
1111 3659 1233 3716 you
1280 3657 1379 3696 are

239 3745 449 3822 trying
476 3751 539 3800 to
567 3740 738 3799 cheat
764 3759 860 3797 me
888 3739 959 3795 of
980 3737 1151 3795 those
1177 3734 1382 3811 things

242 3840 273 3896 1
303 3858 455 3916 gave
483 3837 547 3894 in
576 3835 795 3911 charge
823 3843 886 3890 to
912 3833 1070 3910 you.'
1151 3831 1384 3906 Nempe

239 3933 457 4011 pallam
475 3941 538 3990 et
554 3929 842 4008 spinther,
862 3948 997 4006 quae
1011 3924 1385 3985 Menaechmo

240 4027 635 4091 commiserat,
673 4034 741 4082 ut
787 4022 862 4080 ad
898 4021 1297 4100 phrygionem
1327 4028 1388 4077 et

239 4121 542 4180 aurificem
585 4119 867 4177 deferret.

325 4254 449 4315 593.
560 4244 638 4301 In
722 4242 910 4300 oculos
997 4234 1378 4316 conpingile]

244 4352 259 4375 ‘
284 4339 443 4398 Stuff
481 4339 529 4396 it
569 4337 699 4396 into
747 4354 899 4413 your
943 4352 1087 4410 very
1129 4349 1286 4408 eyeS,
1333 4328 1389 4384 if

1481 2849 1605 2906 you
1631 2829 1867 2906 please.'
1952 2825 2089 2883 Hoc
2116 2832 2225 2890 est,
2268 2821 2622 2897 Diligentis-

1481 2923 1629 2982 sime
1694 2930 2056 2982 conservate.
2158 2914 2623 2974 Proverbialiter

1480 3020 1727 3079 dictum.
1772 3027 1789 3052 ‘
1810 3017 2099 3075 Preserve
2114 3014 2164 3072 it
2181 3021 2339 3070 most
2354 3010 2621 3089 charily.’

1480 3113 1661 3172 Oculi
1688 3109 1927 3171 enimin
1951 3105 2271 3167 carissimis
2292 3104 2620 3182 unicuique

1482 3217 1637 3264 sunt.
1709 3206 1905 3283 Supra
1932 3202 2024 3271 76.
2088 3201 2365 3261 SnAst.

1715 3319 1747 3339 ‘⁴
1773 3314 1954 3361 Dearer
1981 3310 2097 3358 than
2126 3309 2390 3369 eyesight.’'

1890 3396 2019 3455 Χίης
2053 3396 2192 3442 Lear.
2244 3395 2357 3441 Act.
2380 3393 2424 3440 Ι.
2466 3393 2548 3441 Sc.
2570 3410 2625 3440 11.

1483 3495 1680 3554 AEsch.
1714 3494 1874 3571 Sept.
1907 3493 2098 3551 Theb.
2130 3499 2261 3553 525.

2030 3607 2062 3628 ‘⁴
2090 3602 2304 3650 Μᾶλλον
2335 3602 2446 3647 θεοῦ

1708 3678 1974 3730 πεποιθώς,
2028 3676 2309 3736 ὀμμάτων
2358 3673 2399 3719 θ’
2453 3674 2624 3734 ὑπέρ-

1485 3680 1657 3740 Σέβειν

1601 3758 1830 3818 τερον.”

1486 3852 1560 3909 In
1590 3871 1771 3929 quem
1796 3851 1997 3909 locum
2024 3849 2169 3908 citat
2198 3849 2443 3906 STANL:
2492 3846 2621 3905 Ha-

1486 3945 1673 4003 drian.
1732 3945 1874 4002 Jun.
1928 3943 1991 3999 in
2046 3941 2318 4018 Adagiis,
2386 3942 2419 3962 ''
2438 3940 2618 4010 Qum}

1489 4041 1623 4119 quis
1658 4040 1833 4098 unice
1871 4038 2116 4097 charum
2143 4036 2341 4103 habet,
2384 4036 2446 4094 id
2490 4038 2622 4114 plus

1479 4135 1665 4194 oculis
1722 4134 1843 4192 suis
1896 4151 2093 4191 amare
2158 4131 2440 4189 dicitur.“
2546 4134 2614 4186 Et

1480 4229 1765 4307 exemplis
1793 4249 1867 4287 ex
1895 4226 2150 4296 catullo,
2181 4225 2450 4302 aliisque,
2482 4250 2614 4286 cresu-

1482 4325 1692 4382 firmat.
1764 4321 1917 4379 Vide
1945 4319 2119 4398 plura
2146 4319 2209 4376 in
2238 4318 2426 4378 Gloss.
