3084 5017
548 438 599 501 IN
625 435 953 503 MENAECHMEI.
1250 442 1313 504 151

218 647 284 708 178.
333 634 540 710 Meretrices
568 631 768 725 mulieres]
792 646 906 706 narem
920 646 1033 706 locutio
1046 646 1181 726 suptar.
1194 669 1243 727 qu.
1259 649 1319 708 vid.

165 756 252 815 Infra
264 766 331 829 249.
373 757 465 818 Stich.
481 765 546 825 717.
589 759 683 818 “Sibi
696 757 799 818 mulier
811 759 944 816 Μανία
958 758 1071 836 reperit
1083 757 1213 817 odium.”

218 946 284 1009 179.
332 927 604 1025 perhibentur]
646 937 713 1002 Are
736 939 811 1000 said
832 944 866 1001 to
889 939 933 1000 be.
974 931 1138 1011 Ι111111317.
1172 943 1243 1002 Juv.
1258 944 1319 1003 Sat.

166 1052 224 1112 1v.
242 1059 286 1121 17.
328 1051 400 1112 “Ut
409 1049 572 1132 perhibent,
588 1053 641 1132 qui
655 1054 693 1114 de
706 1055 825 1133 magnis
838 1055 952 1135 majora
963 1056 1155 1134 loquuntur.”
1178 1056 1236 1137 (Ae
1248 1058 1320 1136 they

165 1165 238 1243 give
252 1174 323 1236 out;
345 1162 419 1244 ray.)
452 1164 566 1224 Noster
576 1164 648 1225 cist.
662 1166 710 1226 65.
742 1174 762 1202 “
771 1165 815 1225 Ut
824 1165 977 1246 perhibent
988 1167 1072 1225 viri.’'
1107 1169 1177 1228 Ter.
1187 1169 1248 1228 Ad.
1258 1169 1321 1228 111.

167 1297 210 1336 rr.
225 1286 273 1348 59.
309 1278 370 1337 “si
390 1297 444 1337 vos
465 1277 553 1338 voltis
568 1276 717 1357 perhiberi
736 1280 873 1358 probos.”

227 1478 280 1492 -
333 1431 523 1530 Nusquam
538 1431 732 1529 gentium]
773 1437 829 1501 No
854 1438 960 1501 where
982 1441 1054 1502 ebro.
1096 1444 1115 1503 1.
1125 1464 1150 1503 e.
1181 1445 1219 1502 In
1238 1445 1322 1504 nulla

166 1555 301 1633 regione,
316 1574 370 1616 eeu
380 1565 476 1633 parte,
491 1553 637 1633 gentium.
670 1555 740 1614 Ter.
765 1554 861 1614 Andr.
885 1554 940 1612 IV.
955 1573 990 1613 11.
1007 1561 1032 1614 1.
1073 1553 1238 1614 “Fratrem
1252 1576 1322 1614 nus-

167 1687 253 1747 quam
267 1667 388 1728 invenio
398 1665 552 1746 gentium.''
575 1667 681 1728 Simill.
697 1678 777 1738 eunt,
797 1666 853 1726 Ubi
863 1667 1010 1746 gentium
1030 1665 1086 1726 Ubi
1100 1674 1253 1726 imarum.
1266 1670 1322 1727 &e

219 1838 285 1890 180.
333 1817 529 1920 luditum]
575 1830 675 1910 Supra
695 1832 775 1891 Prol.
796 1839 844 1892 42.

219 2013 285 2066 181.
335 1991 581 2086 Devortitur]
625 2001 799 2082 Sojourm.
841 2006 897 2065 Est
910 2016 1009 2066 autem
1023 2007 1179 2075 verbatim,
1194 2005 1259 2076 hue,
1274 2006 1321 2083 (in

167 2121 246 2181 hane
259 2109 390 2200 urbem)
402 2120 571 2190 devertitur,
587 2119 789 2198 (divertitur,)
803 2119 936 2180 deflectit
953 2141 984 2179 se
1001 2119 1039 2179 de
1053 2121 1102 2178 via
1120 2119 1321 2179 commorandi

166 2232 212 2294 ibi
240 2252 337 2292 causa.
390 2231 473 2291 Hinc
504 2233 597 2291 rubet,
627 2230 839 2290 Divermrium.
893 2232 977 2292 Infra
998 2240 1064 2292 341.
1122 2240 1143 2268 “
1154 2232 1322 2292 Tabernam

167 2339 388 2400 deversorium?

220 2531 286 2589 188.
334 2516 430 2590 Cedo
446 2511 565 2606 1111111]
612 2522 698 2604 Onby
712 2523 790 2603 give
806 2544 864 2586 me.
905 2528 954 2587 De
972 2526 1041 2586 cedo
1062 2528 1160 2607 Supra
1175 2537 1239 2589 111.
1279 2529 1323 2586 Ε1

163 2641 236 2700 dum
256 2641 435 2720 paragogic:
457 2640 557 2719 Supra
578 2648 623 2702 88.

219 2834 285 2886 183.
332 2813 421 2909 Em]
471 2824 557 2887 With
574 2824 612 2886 it.
654 2828 821 2889 Subintell:
843 2830 895 2900 uti,
916 2839 969 2888 eut
987 2829 1037 2888 tal.
1058 2830 1093 2887 al.

227 3059 280 3072 -
334 3010 417 3087 Abs
434 3008 505 3103 te.]
548 3025 646 3105 Supra
659 3035 706 3094 75.
739 3029 830 3089 Adde
844 3029 914 3089 Ter.
927 3030 1023 3090 Andr.
1038 3030 1063 3089 I.
1077 3052 1098 3090 1.
1112 3038 1161 3101 79.
1194 3030 1321 3091 “Metui

166 3157 185 3194 a
200 3133 375 3213 Chryside.''
408 3134 449 3194 Et
467 3134 526 3193 111.
541 3154 585 3195 rv.
599 3144 626 3196 3.
663 3139 944 3200 “Nonnilveritue
958 3161 1025 3201 eum
1038 3141 1091 3200 abr
1104 3144 1158 3200 tel'

229 3321 295 3375 184.
342 3306 469 3402 Dein]
529 3319 609 3380 vett„
631 3321 733 3394 mim,
754 3325 830 3397 aun,
855 3327 917 3386 eun
927 3349 942 3394 ,·
976 3347 1033 3407 pro
1061 3327 1141 3398 dem,
1169 3327 1230 3398 des,
1261 3325 1322 3386 dee

167 3436 241 3496 Aul.
255 3444 303 3496 23.
338 3436 415 3496 “Ne
428 3437 470 3496 mi
484 3440 576 3498 verbe
593 3438 768 3518 inprudenti
786 3442 877 3501 duit?
910 3443 973 3504 Cic.
987 3443 1052 3503 Cat.
1068 3445 1091 3502 Ι.
1105 3453 1133 3514 9.
1168 3451 1188 3478 “
1198 3441 1320 3501 Utinam

167 3547 211 3608 m
232 3548 413 3608 immortales
433 3549 545 3609 eninr
587 3550 671 3610 nna
689 3561 756 3613 22³.
943 3539 947 3545 ’

228 3742 294 3794 185.
342 3728 500 3826 Magnus
528 3730 692 3830 amator]
743 3741 822 3803 Vide
856 3745 955 3824 Supra
983 3746 1049 3814 176.
1101 3747 1213 3806 Lm:
1248 3745 1320 3804 citat

167 3855 239 3918 Ter.
257 3858 340 3917 Eun.
361 3855 416 3916 IV.
440 3875 492 3918 111.
516 3867 563 3920 83.
610 3869 630 3897 “
637 3862 797 3924 Amatores
817 3865 978 3924 mulierum
999 3887 1063 3926 esse
1085 3887 1136 3926 eos
1155 3864 1321 3925 maximor.''

152 4131 156 4140 ¹
228 4051 293 4111 186.
327 4041 498 4137 perditi]
535 4051 698 4116 Heelclem.
739 4059 844 4118 Animi
862 4059 1045 4138 impotentis,
1067 4062 1120 4139 qui
1141 4061 1198 4120 sibi
1217 4058 1321 4118 mode-

165 4173 227 4234 rari
248 4181 280 4232 et
299 4182 465 4250 temperare
484 4174 586 4234 nescit.
627 4173 684 4243 Ita,
705 4175 819 4254 perdite
844 4194 961 4246 amare,
990 4177 1144 4254 (Without
1165 4176 1323 4253 reflecting

165 4307 207 4348 on
230 4287 282 4345 the
306 4287 549 4367 consequences.)
590 4287 739 4348 Homines·
756 4289 866 4370 perditi
873 4311 887 4354 ;
916 4288 1142 4370 (Abandoned.)
1168 4294 1221 4352 &e
