3084 5017
540 416 589 478 IN
620 413 946 478 MENAECHMEI.
1241 414 1309 475 143

222 621 289 681 126.
344 611 672 704 Scitamentomm.]
724 617 819 679 Some
849 616 1026 680 deltam.
1079 618 1199 700 fisos:
1232 616 1312 675 Lect.

163 742 266 804 Plani.
319 742 521 803 ''Scitamenta
549 753 618 802 sunt
645 740 791 821 cupediae,
815 740 931 800 deliciae
952 740 1096 798 ciborum.
1136 738 1314 808 Ἠδῦσματα.

164 857 259 935 Apul.
282 856 358 914 Met
377 855 433 914 IX.
475 853 652 922 “Cmstula,
673 864 703 912 et
724 851 879 930 complura
898 848 1122 909 scitamenta.”“
1162 851 1317 910 Translate

166 988 274 1029 vocem
303 970 458 1047 usurpavit
484 968 609 1038 Gellius,
638 967 814 1044 (xv111.8;)
838 983 894 1042 pro
919 963 1079 1041 eloquendi
1103 963 1261 1023 veneribus
1287 974 1317 1023 et

167 1080 358 1139 ornamentis,
400 1079 484 1138 Bene
505 1078 543 1136 de
563 1077 678 1155 origine
703 1074 785 1133 vocis
808 1072 871 1150 agit
894 1073 1053 1132 Boxhorn:
1089 1074 1171 1132 ”Est
1191 1073 1267 1133 cibis
1287 1085 1319 1133 et

169 1187 367 1246 condimentis
392 1187 482 1246 etiam
509 1205 580 1245 suus
606 1195 736 1244 ornatus.
777 1182 854 1240 Inde
877 1181 1055 1252 scitamenta,
1078 1183 1141 1243 sive
1164 1184 1230 1243 sciti
1251 1181 1318 1254 cibi,

170 1313 206 1360 ut
215 1300 315 1379 faceti
338 1300 403 1371 cibi,
427 1300 460 1377 (i.
469 1321 494 1359 e.
518 1298 641 1378 pulcri)
663 1297 882 1376 appellantur.“

227 1517 276 1528 —-
325 1473 566 1567 obsonarier.]
596 1481 645 1542 Be
666 1478 831 1561 provided.
881 1480 999 1541 obsonii
1012 1483 1077 1542 1020
1090 1484 1158 1543 emi.
1195 1486 1320 1564 Legitur

173 1613 204 1660 et
217 1600 342 1664 obscum
363 1611 394 1659 et
406 1597 535 1668 odiosior,
550 1598 618 1677 dep.
652 1597 723 1656 Aul.
737 1605 803 1659 233.
839 1606 859 1631 “
868 1598 1032 1675 Postquam
1044 1598 1191 1658 meonavit
1204 1601 1321 1659 herus.”

173 1718 241 1771 248.
292 1711 391 1768 “Non
412 1720 529 1788 poterat
548 1708 586 1767 de
608 1727 662 1766 suo
682 1707 844 1766 obsonari?
892 1709 1002 1769 Bacch.
1020 1709 1067 1771 62.
1118 1711 1322 1772 “Obsonatum

174 1823 262 1883 nobis
285 1823 324 1881 sit
350 1821 525 1900 opulentum
549 1820 715 1881 obsonium.
765 1821 799 1878 P.
824 1819 974 1879 obsonato
1000 1824 1083 1900 ego.''
1134 1824 1217 1883 Infra
1239 1832 1303 1894 190.
1348 1888 1352 1895 ἢ

208 2015 301 2085 ⁸127.
349 2008 627 2082 Glandionidam
657 2006 828 2100 suillam]
880 2013 1020 2075 Keraels
1046 2014 1137 2096 from
1171 2039 1192 2078 a
1220 2017 1324 2080 boar's

175 2143 281 2212 necin·
320 2137 354 2220 (a
378 2135 457 2200 kind
484 2135 521 2199 of
550 2136 686 2216 brawn.)
742 2139 938 2200 Glandionida
967 2161 1023 2220 per
1048 2143 1152 2221 jocum
1182 2147 1261 2206 facta
1287 2168 1325 2207 ex

174 2262 316 2343 glandiia,
337 2283 404 2340 quae
423 2274 492 2321 sunt
509 2262 623 2321 callosae
644 2272 743 2340 partes
761 2261 794 2318 in
815 2262 930 2320 cervice
948 2282 1098 2340 aprorum,
1116 2275 1146 2324 et
1163 2266 1195 2324 in
1212 2267 1328 2328 deliciis

177 2395 332 2437 coensrum
344 2375 463 2434 habitae.
503 2373 590 2433 Ourc.
605 2381 671 2434 321.
713 2381 732 2409 ‘⁸
745 2373 843 2432 Perna
856 2374 926 2443 suis,
941 2373 1098 2444 abdomen,
1114 2396 1228 2448 sumen,
1239 2378 1327 2457 glan-

178 2493 285 2551 dium.''
331 2491 408 2548 Plin.
434 2490 503 2549 Lib.
520 2488 567 2549 36.
594 2510 618 2549 c.
641 2499 667 2548 l.
707 2489 864 2548 “Exstant
887 2490 1028 2549 censorioe
1048 2491 1130 2569 leges
1148 2491 1272 2571 glandia
1296 2495 1327 2552 in

178 2605 272 2666 coenis
296 2601 405 2681 apponi
429 2602 588 2659 vetantes.”

236 2822 288 2835 ..
335 2774 513 2868 Suillam,]
559 2784 630 2863 Adj.
658 2785 762 2843 dimin.
789 2807 807 2844 a
832 2785 954 2844 aninam.
995 2787 1168 2865 Aliquando
1194 2791 1330 2850 absolute

179 2912 303 2990 legitur,
318 2906 442 2967 subaud.
456 2926 568 2970 carn&
591 2915 626 2962 ut
638 2904 756 2982 agnina,
770 2905 889 2976 bovina,
903 2906 1034 2984 porcina,
1049 2907 1155 2988 [Capt.
1170 2917 1235 2977 782.
1256 2911 1330 2990 on]

238 3128 291 3141 ...
337 3078 541 3170 Laridum]
594 3081 662 3145 Fac
686 3083 809 3155 bacam
834 3084 916 3146 laad.
970 3091 1058 3170 Sync.
1081 3091 1203 3152 lardum.
1243 3093 1330 3173 Capt

183 3219 251 3280 780.
307 3206 478 3265 “Laridum
516 3218 606 3282 atque
640 3205 742 3284 epulas
779 3207 901 3266 foveri.'’
955 3209 1031 3268 Hor.
1057 3212 1119 3273 Sat.
1144 3214 1186 3272 11.
1213 3235 1263 3290 vn
1285 3222 1332 3274 85.

184 3333 203 3360 “
216 3325 396 3397 semesaque
414 3317 494 3378 lardi
511 3319 633 3377 frusta.''
658 3317 746 3378 Unde
760 3331 885 3398 apparet
898 3321 929 3379 in
943 3322 1119 3383 lautioribus
1132 3327 1207 3386 cibis
1219 3327 1331 3386 haberi.
1371 3314 1373 3319 Α

242 3517 294 3569 ’-
340 3507 610 3600 Pernonidem.]
644 3514 848 3594 Agammn
871 3518 912 3600 of
928 3518 1038 3603 bacon.
1086 3525 1133 3582 Ex
1147 3545 1251 3604 perna,
1266 3547 1334 3605 quae

186 3651 230 3698 est
257 3657 321 3715 pes,
352 3647 405 3695 aut
431 3636 531 3714 potius
559 3654 628 3695 crus
659 3636 788 3694 suillum.
830 3637 912 3696 Pers.
937 3629 1146 3707 sat.'111.75.
1189 3640 1335 3708 “Pernoe,

189 3747 281 3806 Marsi
303 3754 496 3803 monumenta
516 3744 658 3804 clientis.”
702 3744 776 3802 Hor.
796 3745 855 3804 Sat.
870 3746 913 3803 11.
928 3765 964 3804 11.
982 3755 1046 3814 117.
1087 3749 1252 3808 “Fumosae
1266 3769 1336 3808 cum

188 3855 266 3935 pede
283 3851 427 3934 pernae-’⁹‘
451 3854 561 3913 Noster
578 3853 663 3933 Capt.
678 3861 745 3920 783.
787 3855 932 3914 “Persas
947 3867 1038 3944 atque
1057 3856 1261 3935 opthalmias.''
1281 3862 1335 3919 dic.

241 4051 304 4102 128.
353 4030 549 4130 Sinciput.]
598 4038 690 4120 Pig's
705 4040 795 4123 socc.
836 4044 929 4116 Quasi
950 4045 1128 4124 serni-caput.
1177 4048 1257 4106 Pers.
1277 4049 1339 4109 Sat.

198 4157 247 4214 VI.
261 4157 309 4227 69.
364 4156 477 4214 “Fissa
498 4155 649 4215 fumosum
674 4154 801 4236 sinciput
823 4159 920 4215 aure.”
970 4157 1049 4217 Sunt
1072 4159 1124 4236 qui
1148 4159 1253 4219 dicunt
1275 4181 1342 4221 esse

92 4272 119 4333 ἔῃ
196 4278 307 4348 partem
321 4266 426 4346 capitia
439 4266 619 4338 anteriorem,
634 4276 668 4328 ut
681 4266 794 4346 occiput
803 4267 1007 4346 posteriorem
1029 4269 1090 4328 Sed
1103 4290 1162 4328 non
1177 4283 1298 4331 constat
