3084 5017
970 228 988 263 Ι

619 419 670 480 Μ.
694 420 737 480 Α.
763 418 949 483 PLAUTI

287 613 348 686 Ne
373 638 458 687 mox
483 616 618 700 erretis,
639 618 717 708 jam
740 640 837 688 nune
861 614 1013 712 praedioo
1035 616 1145 713 prius,

288 738 393 812 Idem
419 751 474 813 est
496 742 665 814 ambobus
691 766 820 815 nomen
847 742 999 839 geminis
1025 740 1204 815 fratribus.

288 863 400 939 Nunc
420 865 460 939 in
482 867 731 964 Epidamnum
751 868 903 965 pedibus
924 867 1145 943 redeundum
1166 875 1220 939 est
1241 860 1344 945 mihi,
1523 833 1525 922 i

287 987 348 1063 Ut
372 988 465 1063 hane
489 1016 564 1066 rem
590 993 688 1065 vobis
712 994 926 1065 examussim
953 992 1142 1089 disputem.
1342 1000 1384 1051 5⁰
1523 947 1525 1002 i

291 1114 330 1188 Si
356 1118 436 1214 quis
462 1118 549 1215 quid
575 1131 732 1192 vostrum
758 1118 1006 1215 Epidamnum
1032 1120 1146 1191 curari
1172 1117 1237 1189 sibi

289 1239 405 1327 Velit,
430 1244 462 1315 is
487 1242 654 1317 audacter
677 1245 852 1341 imperato
877 1256 914 1317 et
937 1244 1067 1331 dinit03

291 1363 364 1439 Sed
386 1366 439 1439 ita
463 1378 508 1440 ut
529 1367 603 1452 det,
629 1368 726 1475 unde
742 1369 864 1459 ‘curari
889 1367 929 1441 id
952 1369 1064 1465 possit
1088 1368 1175 1440 sibi:

288 1490 387 1563 Nam
409 1492 480 1565 uisi
503 1493 566 1589 qui
589 1504 778 1590 argentum
804 1493 954 1579 dederit,
980 1518 1094 1590 nugas
1118 1491 1242 1588 egerit,

288 1614 366 1702 Qui
391 1615 541 1700 dederit,
567 1642 670 1714 mage
694 1621 844 1714 majores
869 1642 983 1715 nugas
1009 1617 1132 1715 egerit.
1341 1628 1379 1679 55

287 1743 426 1816 Verum
442 1743 529 1817 illue
544 1744 650 1817 redeo
665 1744 763 1819 unde
780 1745 863 1830 abii,
881 1757 988 1841 atque
1004 1768 1077 1816 uno
1094 1742 1196 1815 adsto
1211 1742 1251 1814 in
1267 1740 1352 1814 loco.

287 1868 583 1968 Epidamniensis
607 1870 694 1956 illio,
720 1896 826 1968 quem
851 1870 989 1945 dudum
1014 1870 1185 1953 dixeram,

289 1994 488 2070 Geminum
513 1996 617 2071 illum
642 2022 794 2095 puerum
819 2000 881 2095 qui
907 1998 1084 2096 subripuit
1111 1996 1274 2078 alterum,

287 2120 338 2191 Ei
363 2119 566 2204 liberorum,
592 2123 662 2195 nisi
686 2123 833 2209 divitia,
858 2122 951 2195 nihil
976 2132 1073 2196 erat:

406 2348 429 2379 v.
443 2333 481 2379 57.
511 2331 574 2391 iltis,
588 2334 652 2393 prior
665 2336 720 2393 syll.
734 2337 867 2396 corripitur.
899 2337 969 2422 [Vid.
984 2351 1056 2395 supra
1070 2352 1093 2383 v·
1105 2334 1156 2394 46·]

226 2518 273 2576 47.
314 2508 362 2567 Ne
387 2528 450 2566 mon
476 2510 607 2590 erretis]
648 2513 698 2572 Sic
723 2514 755 2571 in
846 2522 893 2575 55.
934 2513 1173 2592 Magemnjorea,
1188 2512 1263 2591 eto]
1297 2511 1377 2585 Quia

187 2604 299 2684 Amph.
320 2603 400 2662 Prol.
424 2612 489 2675 142,
514 2616 636 2665 cautum
656 2618 701 2667 est
721 2622 756 2667 ut
806 2609 880 2667 mihi
894 2620 954 2668 tam
969 2609 1059 2667 stulte
1071 2608 1231 2687 pecuniam
1249 2607 1375 2677 dederit,

186 2709 367 2779 spectatores
377 2718 482 2757 verum
490 2709 520 2758 et
528 2700 756 2761 falsumSosiam
805 2703 923 2762 nullum
948 2703 1103 2781 negotium
1130 2704 1195 2781 ejus
1227 2714 1376 2762 curaturo.

185 2796 350 2855 internosse
362 2805 492 2874 possent.
805 2801 909 2859 [ΑΜΒ.

226 2929 273 2991 49.
315 2918 472 2999 Pedibus]
511 2919 665 2998 Ambigua
692 2920 754 2979 dic·
845 2912 891 2973 56.
917 2912 1280 2994 Ιίἱιισνεᾶεο,ιιιιάεαὸὶἑ.]
1296 2915 1375 2973 Οοῐι-

186 3025 260 3073 tum.
283 3014 353 3071 Vid.
362 3014 395 3071 iu
406 3014 502 3073 Gloss.
511 3024 541 3072 et
551 3014 629 3073 conf.
639 3015 754 3073 Poenul.
805 3010 865 3069 fert
877 3009 1051 3079 Lambinus,
1074 3010 1149 3068 Hor.
1165 3011 1225 3070 Sat.
1236 3012 1261 3070 Ι.
1274 3032 1295 3069 1.
1311 3020 1376 3072 108.

187 3110 268 3168 Prol.
283 3116 330 3167 80.
351 3130 416 3188 sqq.
807 3114 827 3139 “
838 3104 924 3173 Illuc,
948 3104 1029 3163 unde
1051 3104 1120 3174 abii,
1140 3106 1258 3165 redeo.”
1297 3107 1376 3166 Vide

202 3218 348 3267 “Revertor
361 3234 441 3266 rursus
455 3219 533 3266 denuo
549 3218 724 3278 Carthaginem.
806 3198 894 3257 etiam
913 3198 992 3256 infra
1013 3206 1132 3269 519‘20·

231 3294 256 3341 Si
264 3292 322 3352 quid
331 3293 442 3340 mandare
450 3292 520 3340 voltis
529 3301 570 3341 aut
579 3294 737 3342 curarier....”
846 3316 892 3377 59·
933 3307 1000 3386 Ek]
1044 3308 1274 3379 Anacoluth0n3
1305 3330 1375 3369 cum

226 3396 274 3449 51·
315 3386 509 3466 Epidamnum
525 3388 655 3467 curari]
695 3389 756 3449 Ac·
805 3399 1376 3480 praeeesseritEpidamniensiailliarecto

186 3482 320 3543 cusativo
330 3478 525 3559 Epidamnum
534 3502 607 3540 usus
614 3492 668 3552 est,
682 3482 757 3557 (non
807 3517 885 3555 casu.
917 3496 966 3556 Sic
974 3498 1153 3575 Argument,
1163 3497 1227 3576 huj,
1238 3499 1298 3558 fab,
1309 3498 1375 3558 init·

187 3576 377 3658 Epidamno,)
405 3575 476 3653 quia
501 3587 600 3635 motus
622 3576 662 3635 ad
687 3598 757 3636 eum
895 3607 1038 3655 “Mercator
1051 3608 1236 3656 Sym...-

185 3676 287 3735 locum
304 3672 498 3750 significatur.
540 3673 603 3731 Nos
618 3673 755 3743 dicimus,
953 3682 1081 3729 --—Ea'
1095 3698 1156 3730 mors
1170 3682 1281 3741 obtime*

188 3768 239 3825 ‘If
251 3788 311 3846 any
325 3766 361 3825 of
375 3786 437 3843 you
453 3765 530 3825 have
545 3786 604 3844 any
619 3766 755 3825 commis-
806 3783 836 3831 et
849 3772 927 3831 infra
940 3772 1040 3833 64-65.

187 3865 251 3923 sion
264 3872 293 3921 t⁰
306 3862 528 3941 Epidamnum?
807 3887 876 3947 Hoc
888 3886 995 3945 melius
1008 3906 1099 3965 quam
1112 3896 1147 3945 ut
1158 3887 1376 3947 nominativum

227 4000 273 4052 53.
314 3991 364 4050 Itn
379 3998 410 4048 nt
423 3990 471 4048 det
484 3989 588 4067 unde]
629 3990 688 4048 Sed
700 3989 756 4049 hac
806 3982 1041 4062 Epidamniensis
1077 3984 1188 4043 referas
1223 3984 1261 4043 ad
1291 4006 1374 4065 seqq.

185 4091 360 4167 lugeatque
381 4085 559 4156 conditione,
581 4095 757 4145 utnnmmos
806 4081 935 4160 adoptat,
959 4083 1013 4140 &o
1040 4091 1070 4139 et
1096 4080 1231 4140 dativum
1254 4082 1280 4141 ei
1305 4071 1389 4162 (pro'

186 4182 260 4242 mihi
288 4179 348 4249 det,
383 4180 493 4257 quibus
524 4180 556 4237 id
583 4179 664 4256 quod
691 4180 758 4237 vult
807 4177 875 4257 qnia
893 4178 935 4257 ei)
953 4199 1008 4256 per
1028 4179 1219 4256 parenthesin
1238 4180 1375 4259 accipias.

187 4278 284 4339 curari
306 4273 362 4334 sibi
382 4272 483 4350 possit.
808 4270 888 4329 Nam
901 4282 980 4331 recte
995 4273 1099 4332 Lamb.
1114 4272 1163 4341 ait,
1175 4273 1376 4333 ”Plautinum
