3084 5017
544 523 807 577 PnAEFnTIO.
1223 526 1246 572 V

178 702 244 776 De
263 700 403 775 Metris
418 700 588 776 breviter
604 702 786 800 quaedam
804 701 968 799 singulis
984 700 1138 799 paginis
1155 701 1245 775 sub-

99 833 195 932 jeci,
225 834 367 931 quain
389 858 430 907 re
457 834 489 907 si
513 834 581 933 qui
607 834 720 932 plura
747 835 881 920 velint,
911 834 1053 909 adeant
1077 833 1247 932 priorem

105 968 274 1041 Bonum
293 966 516 1053 editionem,
532 967 708 1042 Berolini
729 977 843 1056 18093
863 967 930 1066 qui
949 968 1107 1065 quidem
1126 966 1246 1054 V.D.,

103 1109 145 1172 et
182 1099 380 1198 praecipue
420 1098 525 1197 quod
565 1099 615 1174 ad
654 1099 785 1174 Metra
818 1099 968 1186 attinet,
1008 1100 1156 1199 optime
1198 1100 1248 1175 de

107 1230 262 1317 Plauto,
299 1232 446 1331 optime
484 1231 533 1305 de
568 1231 731 1307 eruditis
766 1233 947 1308 omnibus
981 1233 1142 1309 meritus
1176 1245 1246 1309 est.

108 1363 241 1464 Hujus
275 1389 432 1464 quoque
466 1376 617 1439 textum
649 1390 795 1461 magna
832 1391 881 1439 ex
922 1379 1033 1466 parte
1071 1367 1246 1454 exhibui,

106 1522 235 1595 neque
265 1498 356 1572 inde
384 1523 469 1573 sum
496 1523 671 1597 unquam
698 1498 774 1572 nisi
799 1523 840 1573 re
867 1501 1032 1575 multum
1056 1525 1249 1601 perpensa

107 1639 306 1726 evagatus.
354 1628 434 1703 Sed
458 1653 548 1704 cum
576 1628 721 1703 infiniti
746 1653 847 1727 pene
871 1631 999 1728 operis
1026 1629 1143 1706 fuerit
1170 1631 1247 1707 dis-

107 1770 312 1859 crepantes
338 1770 394 1833 tot
418 1758 608 1833 Codicum
635 1758 918 1857 Librorumque
945 1760 1131 1837 lectiones
1156 1786 1246 1837 con·

107 1891 217 1979 ferre,
254 1892 309 1964 ita
342 1915 459 1989 supra
489 1890 687 1964 hominem
719 1900 831 1974 esset,
863 1889 895 1963 si
932 1891 1038 1966 nullo
1067 1892 1151 1967 loco
1180 1904 1249 1968 aut

106 2058 178 2131 per
211 2034 479 2118 temeritatem,
517 2042 595 2118 aut,
639 2030 744 2129 quod
780 2028 874 2103 “fas
907 2050 1024 2126 opere
1058 2025 1099 2099 in
1132 2025 1248 2122 longo

107 2165 204 2249 est,''
235 2188 306 2262 per
336 2163 527 2238 incuriam
562 2163 694 2261 lapsus
727 2174 842 2236 esset.
905 2158 1072 2233 Duobus
1103 2156 1246 2252 itaque,

107 2293 179 2368 sed
219 2304 259 2368 et
297 2292 371 2381 his,
410 2303 454 2367 ut
488 2293 528 2366 in
563 2292 695 2367 labore
736 2291 955 2390 multiplici,
987 2285 1247 2385 ignoscendis,

103 2425 300 2499 erroribus
336 2448 617 2522 nonnunquam
656 2448 842 2523 peccasse
880 2421 976 2496 mihi
1017 2419 1125 2495 visus
1166 2428 1247 2507 θεῖς

77 2553 79 2556 ’
103 2584 249 2658 nempe
272 2560 377 2657 quod
401 2559 549 2657 absque
571 2559 681 2659 justa
707 2558 801 2632 satis
826 2581 945 2631 causa
966 2552 1173 2652 aliquoties
1198 2551 1247 2626 ab

103 2693 346 2769 editionibus
372 2692 540 2792 vulgatis
567 2693 813 2792 Scriptisque
837 2692 953 2765 nimis
980 2690 1094 2787 longe
1121 2711 1246 2762 reces-

103 2827 222 2917 serit3
256 2839 340 2901 tum
364 2827 467 2925 quod
491 2852 568 2901 non
597 2827 728 2913 semel,
756 2850 844 2924 quae
873 2825 957 2924 ipse
986 2823 1078 2898 olim
1107 2821 1248 2895 melius

102 2960 285 3047 ediderit,
321 2986 425 3035 nunc
461 2985 530 3058 per
564 2960 725 3034 nimiam
760 2957 1063 3033 inconstantiam
1102 2967 1247 3028 temere

103 3093 383 3166 immutaverit.
442 3090 506 3165 Ob
534 3091 605 3164 has
633 3115 770 3164 causas
803 3114 918 3188 quern
946 3086 1061 3163 hodie
1096 3096 1247 3158 textum

103 3226 264 3326 protuli,
290 3225 433 3325 partim
462 3226 512 3299 ad
533 3226 701 3324 priorem
730 3223 872 3298 Bothei
895 3222 1103 3296 editionem
1130 3245 1248 3318 supra

103 3369 372 3445 memoratam,
402 3358 545 3457 partim
576 3358 626 3432 ad
657 3359 831 3443 alteram,
865 3356 1006 3455 Lipsiae
1036 3365 1145 3442 1821,
1183 3379 1246 3429 ac-

105 3491 373 3565 commodavi:
409 3515 691 3589 nonnunquam
708 3516 799 3565 vero
817 3491 867 3564 ab
885 3478 1049 3588 utraque
1073 3489 1245 3575 discessi,

106 3636 146 3697 et
174 3622 382 3697 lectionem
413 3624 474 3698 vel
509 3649 532 3697 a
565 3624 758 3722 Vulgatis,
796 3624 859 3698 vel
895 3624 992 3698 Mss.
1030 3622 1092 3696 vel
1128 3622 1245 3697 semel

103 3760 217 3834 bisve
243 3757 405 3833 fortasse
432 3761 715 3858 a'conjectnris
741 3760 874 3858 petivi.

184 4022 350 4108 Paucos
389 4046 512 4121 spero,
555 4036 642 4124 post
683 4048 837 4099 menses
878 4021 1059 4122 prodibit,
1108 4018 1247 4092 iisdem

104 4154 210 4227 curis
246 4154 447 4242 instructa,
485 4157 561 4231 alia
596 4182 645 4231 ex
682 4157 815 4232 Nostri
850 4154 1015 4243 fabulis,
1059 4151 1108 4226 ad
1141 4151 1246 4250 quod

106 4314 207 4388 opus
228 4315 292 4365 me
322 4289 426 4365 haud
456 4288 600 4366 invitus
631 4291 846 4389 accingam,
876 4289 908 4363 si
937 4288 1083 4363 interea
1111 4311 1159 4361 ex
1185 4285 1247 4359 his
