3084 5017
149 497 151 500 ’
207 489 272 552 108
632 483 681 546 Μ.
705 482 743 544 Α.
769 476 949 543 PLAUTI

306 689 409 775 Quot
425 712 501 761 eras
518 709 628 760 annos
644 695 761 768 natue,
780 705 885 778 quom
900 690 938 752 te
953 686 1054 774 pater
1072 701 1094 748 a
1109 674 1224 771 patria
1241 669 1389 744 evehit?

209 814 295 889 ΜΕ.
309 813 547 910 Septuennie;
564 836 647 884 nam
661 819 739 883 tum
752 806 878 881 dentes
890 800 981 876 mihi
993 800 1165 874 cadebant
1174 794 1390 894 primulum

310 937 440 1033 Neque
451 945 588 1035 patrem
602 933 745 1033 postilla
756 930 832 1004 vidi
844 951 1012 1026 unquam.

866 1054 971 1128 MES.
985 1047 1113 1135 Quid?
1131 1054 1290 1118 vostrum
1302 1039 1394 1138 patri

313 1187 404 1260 Filii
421 1197 507 1283 quot
525 1189 657 1259 eratis?

657 1309 744 1382 ΜΕ.
772 1305 831 1378 Ut
847 1326 943 1375 nunc
958 1321 1124 1372 maxume
1140 1292 1301 1375 memini,
1317 1290 1394 1362 duo.

217 1438 321 1512 MES.
335 1438 433 1512 Uter
446 1439 564 1522 eretis,
578 1440 666 1522 tun’‚
680 1461 724 1509 an
738 1433 812 1518 ille,
824 1431 961 1526 major?

944 1553 1029 1626 ΜΕ.
1046 1555 1162 1648 AEque
1175 1549 1280 1621 ambo
1290 1564 1398 1642 panes.

219 1687 324 1761 Mus.
343 1686 414 1771 Qui
426 1686 466 1759 id
476 1689 620 1784 potest?

512 1813 598 1885 ΜΕ.
614 1810 762 1886 Gemini
774 1810 876 1882 ambo
889 1831 1036 1881 eramus.

783 1933 869 2006 ΜΕ.
882 1930 918 2005 S.
938 1931 993 2002 Di
1005 1953 1063 2002 me
1074 1935 1254 2000 servatum
1267 1919 1401 1992 volunt.

220 2064 326 2137 Mus.
342 2063 381 2136 Si
396 2060 612 2157 interpellat,
627 2084 692 2156 ego
704 2039 838 2132 tacebo.

728 2184 809 2255 ΜΕ.
824 2181 861 2254 S.
880 2180 1009 2253 Potius
1021 2177 1154 2250 tacebo.

968 2402 970 2404 V
1085 2300 1194 2374 Mus.
1214 2286 1406 2368 Diemihi:

322 2435 411 2506 Uno
426 2435 570 2506 nomine
583 2436 685 2507 ambo
698 2435 832 2508 eratis?

716 2561 805 2632 ΜΕ.
823 2559 1012 2632 Minume:
1036 2579 1120 2627 nam
1135 2550 1227 2624 mihi
1242 2547 1408 2623 hocerat,

324 2682 428 2767 Quod
460 2708 556 2755 nune
590 2695 655 2766 est,
696 2683 938 2769 Menaeehm03
974 2679 1088 2751 illunc
1121 2687 1202 2748 tum
1239 2669 1410 2745 vocabant

473 2807 651 2881 Sosiclem.
1340 2809 1408 2861 1021

224 3036 248 3066 v.
266 3020 331 3067 1015.
363 3019 424 3077 Vidi,
446 3035 494 3067 non
508 3019 564 3068 elid.
606 3021 669 3068 1019.
684 3022 876 3080 Potiu³,dissy11.
899 3018 1072 3084 [Supra830.]
1115 3019 1183 3066 1021.
1199 3017 1351 3069 Menaechmo,
1366 3027 1412 3060 nun

759 3098 874 3157 liquescit.

228 3269 356 3328 solidum
382 3280 413 3328 et
437 3269 622 3348 insperatum
649 3273 793 3349 gaudium
843 3295 929 3344 anno,
956 3275 1090 3353 aliosque
1113 3273 1236 3332 suffici.”
1284 3273 1327 3330 Et
1354 3271 1417 3327 Ma-

228 3361 329 3421 subito
338 3361 427 3420 alicui
437 3362 584 3422 acciderit.
615 3363 697 3422 Nost.
708 3363 794 3443 Capt.
845 3373 925 3429 crob.
946 3372 1046 3447 Sumn.
1067 3372 1147 3449 Scip.
1166 3371 1236 3429 Lib.
1253 3371 1279 3428 I.
1322 3369 1419 3426 “Post

229 3453 298 3522 594·
670 3481 674 3488 ⁴
845 3485 937 3523 annos
964 3476 1087 3543 septem,
1116 3466 1224 3524 dentes
1252 3466 1309 3542 qui
1332 3461 1421 3542 primi

230 3562 352 3620 “Jupiter
375 3578 491 3654 supreme,
515 3578 593 3611 servas
616 3578 661 3622 me,
685 3579 795 3624 measque
845 3569 1025 3615 emerserant
1043 3558 1109 3616 aliis
1129 3558 1303 3636 aptioribus
1323 3557 1363 3616 ad
1382 3556 1421 3614 ei·

291 3648 363 3692 “3³⁸
377 3633 445 3692 ⁰⁹⁶⁸!
844 3653 918 3711 bum
932 3652 1061 3710 solidum
1074 3653 1270 3712 nascentibus
1285 3651 1421 3712 cedunt.”

234 3737 313 3794 lbid·
328 3745 394 3806 902.
845 3748 935 3807 Adde
947 3749 1019 3808 Juv.
1034 3750 1095 3808 Sat.
1109 3750 1199 3808 XIV.
1216 3759 1263 3812 10.

235 3831 250 3851 “
263 3829 342 3887 Serva,
358 3830 452 3890 Jupiter
462 3845 581 3890 supreme,
597 3840 622 3880 et
633 3848 671 3881 me
684 3841 708 3882 et
718 3851 797 3885 meum
1089 3879 1104 3900 u
1117 3877 1201 3934 Quum
1215 3877 1335 3936 septimus
1350 3891 1424 3924 mm

295 3913 377 3953 nutum
391 3907 479 3954 mihi!'’

279 4003 362 4054 1014.
402 3997 512 4056 Dentes
536 3999 605 4058 mihi
631 4000 797 4082 cadebam]
846 3945 1074 4070 Tranffitnpnem,
1090 3954 1198 4000 nondum
1215 3952 1283 4001 omni
1300 3955 1423 4007 ΜΘΝ

241 4179 417 4242 “Primores
440 4188 565 4263 septimo
590 4208 690 4248 mense
715 4192 800 4268 gigni
871 4237 883 4253 .

241 4273 363 4340 dentem
390 4276 505 4352 septimo
524 4279 642 4337 eosdem
665 4281 800 4342 decidere
