3084 5017
556 283 581 323 ἱ,

591 482 918 548 MENAECHMEI.

260 682 429 780 Adoptat
453 682 557 757 illum
581 709 732 781 puerum
760 685 1012 782 subreptitium

261 808 336 881 Sibi
362 808 489 894 filiurn,
516 812 619 908 eique
643 836 791 885 uxorem
816 811 976 885 dotatam
1001 811 1113 895 dedit,

259 931 429 1031 Eumque
453 933 618 1008 heredem
645 935 741 1022 fecit,
768 962 874 1034 quom
899 937 976 1033 ipse
1001 937 1092 1010 obiit
1115 936 1232 1010 diem:

259 1055 358 1130 Nam
382 1083 442 1132 rus
464 1070 508 1132 ut
529 1061 606 1134 ibat
631 1059 733 1146 forte,
759 1071 803 1133 ut
828 1060 983 1134 multum
1008 1044 1183 1158 pluverat,

261 1182 447 1278 Ingressus
471 1183 621 1258 fluvium
647 1186 811 1281 rapidum
837 1182 881 1259 ab
906 1187 993 1260 urbe
1019 1185 1117 1260 haud
1140 1185 1297 1283 longule,

261 1308 424 1405 Rapidus
446 1312 578 1405 raptori
604 1312 705 1406 pueri
731 1310 904 1384 subduxit
928 1310 1047 1408 pedes,
1312 1316 1350 1377 65

259 1432 523 1532 Abstraxitque
546 1434 727 1509 hominem
750 1438 789 1510 in
811 1461 1014 1509 maxumam
1037 1434 1167 1509 malam
1192 1459 1350 1509 erucem:

261 1557 324 1630 Illi
349 1560 488 1633 divitiae
510 1572 704 1635 evenerunt
726 1586 916 1635 maxumae.

262 1686 299 1758 ls
322 1685 399 1759 illie
422 1686 564 1762 habitat
587 1691 752 1785 geminus
778 1690 1021 1787 subreptitias.

260 1808 371 1883 Nune
395 1810 458 1886 ille
482 1815 657 1910 geminus,
684 1817 746 1912 qui
774 1814 954 1912 Syracusis
977 1812 1096 1898 habet,

261 1934 387 2011 Hodie
411 1938 450 2010 in
476 1937 722 2036 Epidamnum
748 1942 849 2014 venit
874 1964 954 2013 curn
981 1965 1079 2013 servo
1104 1963 1178 2022 suo,
1314 1953 1352 2011 70

262 2059 376 2134 Hune
401 2064 631 2165 Qaentatum
656 2050 841 2164 geminurn
867 2090 1076 2164 germanum
1102 2090 1212 2139 suom.

262 2182 357 2259 Haee
381 2189 465 2261 urbs
491 2190 719 2287 Epidamnus
745 2203 810 2285 est,
837 2191 924 2265 dum
948 2190 1025 2264 haee
1048 2191 1169 2289 agitur
1193 2186 1335 2261 fabula:

262 2306 418 2394 Quando
443 2312 514 2386 alia
538 2326 674 2413 agetur,
700 2315 801 2389 aliud
823 2317 886 2390 fiet
911 2317 1103 2415 oppidum;

263 2432 364 2510 Siout
387 2435 530 2539 {emilia
556 2465 694 2539 quoque
720 2441 836 2516 solent
860 2444 1049 2516 mutarier:

260 2560 376 2634 Modo
388 2561 447 2636 hio
460 2563 579 2640 adstat
591 2567 683 2653 leno,
701 2568 806 2641 modo
820 2568 1036 2654 adulescens,
1051 2566 1157 2641 modo
1170 2591 1288 2652 senex,
1315 2582 1352 2641 75

261 2686 416 2786 Pauper,
442 2693 637 2778 mendicus,
662 2719 736 2781 rex,
761 2697 949 2793 parasitus,
975 2694 1142 2769 hariolus.

171 2853 198 2885 v.
212 2837 252 2883 67.
283 2836 387 2887 Divitis.
401 2840 452 2889 Ult.
464 2842 521 2901 syll.
530 2859 581 2894 non
592 2844 696 2894 eliditur.
726 2848 805 2897 Bothe
817 2865 847 2897 ex
860 2848 961 2909 conjset
974 2848 1039 2908 legit,
1056 2848 1114 2896 Illo
1127 2848 1164 2895 illi
1178 2847 1275 2901 divitie,
1291 2854 1339 2895 ete.

156 2944 217 3003 hoe
240 2954 295 3013 est,
319 2956 350 3005 et
370 2947 546 3022 Comieum3
570 2952 627 3013 hae
651 2955 732 3013 enim
781 2959 914 3017 nomssia
934 2956 1058 3036 rapidus
1078 2950 1202 3033 raptori,
1224 2961 1258 3011 ut
1275 2952 1354 3009 infra

156 3040 731 3130 negligentiaimitatursermonemquo·
782 3076 810 3112 v.
824 3063 872 3125 29.
913 3054 1001 3113 Domi
1021 3052 1150 3113 domitus.

157 3140 317 3211 tldlfflumr
348 3165 410 3222 <1¹1⁰
434 3148 562 3207 minime
585 3150 732 3210 ⁰⁰¹¹¹oelfl⁸
821 3166 867 3227 66.
908 3167 948 3225 In
975 3185 1136 3225 messmam
1156 3163 1261 3223 mamm
1284 3182 1351 3222 eru·

159 3235 290 3293 ufit⁰¹·“
781 3259 868 3340 cena]
890 3260 1033 3319 ‘Carried
1045 3259 1109 3317 him
1119 3257 1163 3317 off
1171 3268 1203 3316 to
1216 3256 1351 3316 destrue-

198 3347 246 3406 60.
288 3348 514 3431 Subreptitium]
553 3355 653 3426 Quem
666 3356 730 3433 ipse
780 3356 862 3414 tion.’
910 3358 1038 3417 Locutio
1068 3356 1198 3425 Conrica,
1233 3375 1289 3433 pro
1320 3352 1350 3412 in

159 3444 353 3521 surripuerat.
388 3447 435 3525 [v.
449 3457 496 3509 32.
511 3451 629 3529 supra]
650 3450 729 3509 Con·
781 3454 904 3523 esitium,
927 3454 976 3513 vel
998 3454 1031 3513 in
1053 3453 1205 3513 infelicem
1223 3461 1350 3510 mortem

158 3539 204 3597 fer
219 3539 337 3598 Poenul.
352 3550 418 3609 772.
432 3565 497 3623 sqq.
780 3546 920 3625 abripuit.
962 3549 1046 3607 Infra
1058 3556 1125 3607 242.

174 3641 191 3661 ‘⁴
204 3636 266 3685 lnde
279 3638 405 3699 subreptus
417 3641 464 3690 lere
476 3643 600 3705 sexsunis;
615 3644 700 3705 postibi
789 3649 865 3723 75.
910 3640 999 3712 Leno,
1019 3638 1350 3719 senex‚...parasilue··]

203 3712 254 3835 Qrp
264 3729 320 3761 eum
329 3716 453 3838 affluit,
467 3718 514 3768 hue
525 3720 620 3769 devexit
631 3736 730 3781 meoque
780 3736 839 3793 Hae
863 3747 934 3795 gunt
959 3736 1119 3816 praecipuae
1145 3734 1178 3791 in
1205 3732 1350 3793 eomoedid

249 3803 289 3836 ero
300 3805 345 3837 ven
411 3808 418 3850 ς

203 3863 264 3912 lain
273 3865 366 3915 dimi„
376 3868 505 3928 adom„
518 3868 581 3917 diem
591 3885 663 3930 quom
672 3870 730 3919 obiit
778 3840 888 3908 partes,
912 3832 951 3889 ob
971 3850 1096 3907 eamque
1120 3848 1239 3887 causam
1260 3828 1351 3937 simul

232 3940 331 3987 suum.'’
780 3945 849 3985 cum
859 3926 924 3985 aliis
933 3935 1071 3985 numerat
1080 3924 1170 3984 etiarn
1179 3923 1348 3994 Terentius,

199 4028 246 4088 64.
287 4030 454 4109 Ingressus,
476 4035 554 4114 eto]
587 4034 634 4094 De
658 4056 728 4095 con.
780 4021 860 4080 Prol.
874 4024 906 4081 in
920 4023 1030 4082 Heaut
1044 4030 1117 4120 37..

160 4122 323 4182 structione
343 4124 413 4184 vide
434 4146 525 4204 supra
544 4148 572 4186 v·
586 4134 633 4187 53⁰
867 4116 884 4138 “
895 4114 978 4161 Servos
993 4127 1097 4170 cuneus,
1111 4119 1184 4160 iratus
1198 4128 1279 4168 senex,

197 4214 246 4275 65.
287 4215 432 4276 Subduxit
454 4220 571 4298 pedes]
622 4220 728 4278 ‘Took
824 4186 1031 4318 Effiepnzpssitus,
1045 4184 1193 4244 sycophanta
1207 4196 1287 4237 sutem
1302 4187 1346 4235 im.

157 4310 221 4367 him
239 4309 283 4368 off
298 4309 345 4369 his
362 4313 440 4372 feet'
481 4317 575 4375 Ludit
592 4317 623 4374 in
641 4337 728 4394 paro-
823 4335 915 4382 Avarus
930 4334 1011 4383 lano.’¹
