3084 5017
585 497 912 561 unumunurm.
1205 465 1209 474 ’
1297 500 1342 568 99

250 696 403 795 Edepol,
427 695 521 783 here,
543 723 598 771 nae
614 700 683 773 tibi
700 700 881 797 suppetias
899 710 1058 796 tempore
1080 698 1207 772 adveni
1223 697 1339 772 modo.

151 822 236 895 ΜΕ.
250 821 310 896 At
322 823 389 896 tibi
404 821 442 896 di
456 848 603 922 semper,
617 823 833 911 adulescens,
850 824 1011 922 quisquis
1024 849 1072 910 es,
1086 822 1218 897 faciant
1229 825 1339 897 bene:

249 947 349 1023 Nam
362 950 492 1059 alisque
507 960 544 1024 te
557 962 659 1041 esset,
677 950 785 1026 hodie
797 976 983 1049 nunquam
998 950 1045 1025 ad
1057 951 1166 1024 solem
1179 974 1339 1024 occasum

398 1080 562 1153 viverem.
1280 1093 1339 1156 92⁰

148 1201 252 1274 ΜΕΕ.
272 1204 372 1301 Ergo
389 1204 525 1302 edepol,
544 1207 575 1279 si
591 1216 686 1280 recte
698 1205 817 1292 facias,
835 1231 856 1280 ο
872 1206 967 1293 here,
983 1231 1042 1280 me
1059 1206 1205 1279 emittas
1217 1228 1336 1277 manu.

148 1329 235 1402 ΜΕ.
250 1329 420 1404 Liberem
434 1357 500 1430 ego
513 1335 577 1406 te?

359 1456 405 1529 M
408 1479 465 1531 ss.
479 1459 634 1532 Verum:
652 1458 952 1557 quandoquidem,
966 1457 1060 1541 here,
1073 1467 1110 1529 te
1124 1456 1269 1528 servavi.

1060 1581 1145 1654 ΜΕ.
1160 1580 1259 1668 Quid
1269 1591 1334 1665 est,

245 1702 499 1780 Adulescens?
523 1707 644 1782 Erras.

547 1833 652 1908 Mus.
671 1833 785 1922 Quid,
799 1835 900 1909 erro?
1054 1926 1057 1931 Α

715 1960 798 2033 ΜΕ.
816 1960 891 2033 Per
903 1958 930 2031 J
931 1983 1031 2032 ovem
1046 1957 1171 2054 adjuro
1184 1966 1333 2053 patrem,

245 2075 313 2151 Me
327 2078 452 2154 herum
466 2093 567 2157 tuom
582 2109 654 2157 non
667 2109 752 2158 esse.

671 2209 777 2284 Mus
794 2207 880 2283 Non
893 2211 1016 2283 taces?

953 2336 1039 2409 ΜΕ.
1055 2333 1142 2408 Non
1155 2333 1308 2407 mentior
1320 2357 1330 2418 ;

242 2458 323 2531 Nec
339 2483 438 2534 meus
460 2485 575 2535 servos
592 2487 749 2559 unquam
766 2462 839 2537 tale
856 2461 953 2548 fecit,
971 2461 1076 2559 quale
1093 2472 1135 2535 tu
1149 2458 1251 2534 mihi.
1274 2471 1332 2537 925

143 2579 251 2654 MES.
270 2581 329 2655 Sic
344 2585 421 2657 sine
435 2586 559 2682 igitur,
580 2587 611 2660 si
628 2596 730 2661 tuom
745 2613 820 2661 esse
836 2612 947 2684 negas
963 2612 1032 2672 me,
1050 2586 1147 2659 abire
1163 2584 1329 2657 liberum.

140 2703 226 2779 ΜΕ.
242 2705 334 2781 Mea
346 2708 490 2807 quidem
504 2709 623 2785 hercle
635 2736 739 2786 causa
750 2712 842 2787 liber
855 2722 942 2797 esto,
958 2722 1066 2808 atque
1078 2711 1130 2783 ito
1142 2734 1212 2806 quo
1224 2707 1329 2782 voles.

140 2827 246 2904 ΜΕΕ.
266 2830 409 2931 Nempe
417 2836 548 2930 jubes?
716 2824 718 2830 ⁵

414 2959 499 3033 ΜΕ.
518 2959 636 3035 Jubeo
645 2959 774 3047 hercle,
786 2963 817 3035 si
829 2960 918 3059 quid
927 2959 1054 3058 imperi
1064 2968 1118 3033 est
1127 2959 1167 3030 in
1178 2967 1216 3030 te
1224 2954 1328 3027 mihi.

296 3169 320 3201 v.
333 3154 388 3203 924.
404 3154 477 3204 Med.
505 3156 559 3206 925.
575 3157 657 3216 Mem,
674 3165 699 3208 et
709 3158 762 3206 927.
778 3157 847 3216 Mac,
862 3156 988 3216 monosyll.
1004 3156 1095 3218 [Supra
1102 3153 1168 3216 917.]
1269 3146 1271 3150 ¹

138 3330 208 3369 vum
228 3311 349 3372 inducit
371 3313 419 3373 his
438 3315 538 3374 verbis
560 3336 707 3394 conquer·
797 3316 863 3387 926.
906 3316 957 3376 Sic
973 3317 1036 3375 cine
1051 3315 1161 3396 abira]
1195 3317 1265 3375 Sine
1278 3336 1327 3374 me

136 3415 254 3478 entem;
757 3411 860 3490 igitur,
882 3412 907 3470 si
922 3433 970 3472 me
983 3423 1071 3472 tuum
1084 3432 1148 3470 esse
1161 3432 1262 3489 negas,
1284 3412 1326 3470 sie

138 3533 153 3554 “
162 3532 224 3580 Tlrat
234 3549 287 3592 you
295 3534 352 3582 beat
360 3551 398 3584 me
406 3543 431 3583 at
440 3536 480 3586 the
488 3539 639 3588 martlhnvc
649 3556 709 3598 your
757 3508 840 3568 abile
852 3508 990 3567 liberum·
1032 3507 1083 3566 Sl⁰
1096 3508 1233 3565 3⁶‘“⁷‘“⁰3⁹
1245 3505 1325 3584 P⁰⁸l'

192 3609 259 3659 hand
270 3618 294 3659 to
305 3611 384 3661 show:
757 3613 833 3671 tum,
858 3613 889 3661 ct
912 3622 981 3662 cum
1000 3611 1089 3679 gestu
1106 3602 1235 3681 quodam
1254 3619 1325 3679 pro-

165 3686 708 3750 Iltheskinwerepurchment,andtheblows
757 3696 966 3763 nuntiandum.
999 3698 1104 3755 ΒΑΜ.
1136 3695 1213 3754 Vide
1228 3695 1326 3773 Supra

192 3779 240 3820 you
253 3765 443 3825 gavewercffi,
755 3793 823 3853 265·

163 3839 703 3905 Yourownhandmritingwouldtellyou.”...

323 3931 488 3994 omasum.
512 3935 561 3984 net
571 3937 622 3985 111.
637 3937 677 3986 s0.
687 3955 705 3985 1.
794 3923 860 3985 927.
901 3914 972 3972 Mea
993 3914 1113 3993 causa]
1144 3914 1224 3971 ‘For
1244 3914 1325 3972 what

170 4057 238 4119 918·
285 4051 445 4133 Suppetiac
471 4055 602 4136 advena]
637 4059 703 4135 ‘By
756 4007 878 4066 lm,
919 4007 1017 4084 Supra
1035 4007 1102 4077 629·

134 4144 218 4215 Jove,
238 4147 362 4218 Master,
384 4149 440 4207 but
458 4149 480 4206 I
491 4171 569 4208 came
586 4159 613 4209 to
628 4173 703 4231 your
792 4187 832 4198 —
871 4153 960 4214 Liber
979 4155 1066 4233 ectu]
1100 4155 1241 4214 Formula
1260 4175 1322 4214 ma·

134 4239 274 4320 helpjust
286 4263 356 4301 now
370 4243 402 4302 in
416 4245 496 4322 good
509 4245 598 4304 time.'
624 4248 702 4306 Vide
753 4249 953 4308 numissionis
1019 4251 1108 4329 Epid.
1137 4258 1203 4317 715.
1252 4253 1320 4311 Ter.

134 4333 228 4396 Gloss.
251 4338 351 4418 Supra
364 4347 430 4408 901.
554 4343 557 4348 ‘
753 4343 885 4423 Adelph.
907 4345 947 4403 V.
968 4365 1025 4405 vrr.
1050 4354 1093 4407 13.
1128 4347 1195 4405 Etc.
