3084 5017
520 836 925 923 PRAEFATIO.

616 1125 815 1135 -ι--ιισ-

228 1329 359 1417 Quen
398 1330 639 1406 cultissimus
678 1332 866 1407 Noctium
898 1328 1120 1405 Atticarum
1153 1336 1288 1400 auctor

153 1461 393 1537 ‘Hominem
444 1463 587 1563 linguae
642 1476 760 1563 atque
814 1461 1016 1563 elegantiae
1068 1461 1109 1533 in
1159 1459 1287 1535 verbis

152 1594 315 1670 Latinae'
347 1596 618 1696 Principem’*
669 1597 938 1685 nominaverit,
995 1620 1112 1694 quem
1170 1594 1287 1669 totius

150 1727 394 1827 antiquitatis
435 1753 647 1805 consensus
690 1754 767 1805 uno
809 1753 875 1804 ore
912 1726 1139 1814 laudaverit,
1179 1724 1287 1799 haud

151 1872 284 1937 nostro
310 1887 405 1938 sane
431 1863 581 1964 indiget
608 1864 804 1965 praeconio
833 1887 911 1963 quo
942 1886 983 1936 se
1006 1860 1160 1936 facilius
1190 1859 1285 1933 Lec-

150 1995 226 2070 tori
275 1996 473 2072 Benevolo
520 1997 777 2075 commendet.
852 1997 978 2095 Igitur
1018 1995 1068 2070 de
1110 1994 1285 2068 Pnnuro

150 2127 282 2204 silebit
310 2129 394 2204 haec
426 2130 620 2219 Praefatio,
648 2131 798 2231 quippe
829 2132 891 2204 cui
927 2154 977 2204 ne
1009 2128 1094 2226 ipsa
1128 2126 1287 2225 quidem

151 2244 307 2339 Invidia

673 2394 865 2454 “Detrahere
885 2392 962 2451 ausit

319 2506 493 2566 Haerentem
513 2507 603 2586 copiti
621 2506 717 2566 multa
736 2526 805 2605 cunr
825 2504 914 2564 laude
933 2504 1097 2562 coronam.'’

146 2685 287 2760 Restat
310 2687 443 2775 altera,
466 2686 682 2784 eademque
708 2686 823 2784 longe
849 2684 981 2759 durior
1004 2678 1216 2782 provincia,
1242 2689 1286 2751 ut

145 2817 219 2893 hos
258 2843 364 2893 meos
397 2818 549 2894 labores
583 2817 796 2907 venditare,
830 2818 893 2892 vel
937 2815 1066 2916 potius
1100 2833 1285 2888 excusare

145 2973 275 3024 coner.

225 3210 271 3286 ld
311 3212 430 3311 igitur
466 3212 508 3287 in
543 3213 617 3289 hac
656 3214 828 3290 editione
864 3213 1038 3288 curanda
1077 3211 1285 3287 consilium

145 3343 282 3433 habui,
312 3356 356 3419 ut
379 3346 573 3421 Plautinae
599 3347 810 3446 aliquando
838 3345 979 3421 fabulae
1008 3345 1209 3445 prodirent
1235 3344 1284 3420 ad

144 3479 372 3578 exemplum
406 3480 504 3555 illud
543 3480 799 3567 concinnatae,
818 3496 820 3501 ’
842 3480 946 3578 quod
989 3479 1082 3554 olim
1121 3478 1162 3552 in
1196 3464 1289 3552 AEsss

143 3611 257 3713 chyli
298 3612 445 3688 sabulis
490 3614 651 3690 edendis
696 3613 770 3687 Vir
816 3612 1104 3701 celeberrimus,
1154 3610 1200 3687 C.
1242 3611 1283 3685 J.

144 3740 371 3829 Blomfield‚
405 3768 554 3819 summo
588 3769 678 3819 cum
712 3744 884 3842 ingenio,
918 3768 1070 3818 summo
1103 3741 1283 3817 acumine

143 3873 371 3974 praebuerit.
424 3875 542 3951 Hunc
575 3876 715 3950 ducem
751 3876 1040 3975 auspicemque‚
1071 3898 1169 3975 pace
1196 3873 1283 3948 Viri

145 4003 391 4091 Doctissimi‚
421 4006 472 4080 ad
506 4030 645 4106 operas
677 4031 785 4085 meas
821 4006 1186 4105 quantulascunque
1220 4027 1283 4079 as-

142 4136 321 4236 sumpsi3
348 4136 466 4213 risum
495 4139 677 4215 nimirum
702 4140 765 4215 vel
794 4139 995 4231 invidiam,
1024 4164 1096 4214 nec
1124 4137 1281 4238 injuria,

465 4334 482 4367 *⁸
501 4334 572 4394 Aul.
592 4333 669 4396 Gell.
689 4334 758 4394 Lib.
779 4336 850 4395 VII.
872 4356 896 4395 c.
920 4342 964 4401 17.
