3084 5017
519 479 570 543 m
598 479 922 548 Mummoumm.
1213 482 1280 568 167

142 669 306 730 “Domum
326 690 384 743 me,
406 682 542 755 quantem
559 685 668 755 potero,
686 687 803 738 tanmm
822 678 990 756 recipiam?
1012 679 1065 738 &o
1105 677 1173 737 Ter.
1186 680 1283 738 Andr.

138 777 178 834 V.
203 798 240 838 11.
261 789 309 840 20.
360 783 481 843 “Hune
506 784 585 843 intro
610 805 691 863 rape,
717 792 855 864 quartum
878 787 985 865 poles?
1033 787 1111 846 Eun.
1132 787 1169 844 V.
1193 807 1215 845 1.
1237 794 1283 846 20.

141 888 394 968 “Comprehendi
411 893 485 971 jube
503 901 639 972 quantum
648 898 767 974 polest.”
808 896 869 956 Cic.
883 896 949 956 Att.
964 896 1016 955 lv.
1033 903 1077 955 10.
1118 897 1286 956 “Nostram

139 1003 383 1074 ambulationem,
402 1006 501 1077 velim,
522 1007 596 1087 quod
612 1008 730 1087 poteris,
749 1010 885 1068 invisas.”
918 1021 949 1069 et
964 1019 1008 1070 13.
1043 1009 1228 1070 “Reseribss
1246 1010 1285 1069 sd

139 1133 200 1182 me,
221 1121 358 1192 quantum
374 1118 494 1194 potest.”
521 1126 551 1176 et
570 1117 626 1176 IX.
649 1124 675 1185 7.
683 1118 744 1195 fin.
786 1119 917 1179 “Scribe
936 1127 1072 1199 quantum
1087 1123 1207 1198 polest.”

199 1291 267 1342 341.
314 1276 526 1372 Actutum]
573 1288 671 1368 supra
693 1299 756 1350 130.

199 1497 251 1512 ·-
307 1453 557 1532 Devorsoriam
593 1453 808 1547 tabernam]
867 1463 1047 1526 Aeonem.
1105 1466 1286 1546 cauponam.

141 1581 234 1641 Truc.
248 1582 315 1644 655.
356 1585 420 1643 “ln
440 1584 587 1646 tabernam
606 1586 700 1647 ducor
719 1585 936 1645 devorsorium?
976 1586 1053 1646 Vide
1065 1587 1098 1646 in
1110 1607 1175 1648 voe.
1187 1589 1286 1647 devor-

141 1695 226 1770 tatur,
249 1697 346 1779 Supra
367 1708 431 1762 181.

200 1865 267 1918 342·
315 1849 419 1926 Ante
442 1851 550 1927 solem
574 1857 760 1946 omasum]
812 1858 932 1942 Before
954 1858 1088 1922 Semel.
1139 1862 1195 1922 Id:
1223 1882 1283 1941 qu:

142 1979 221 2038 Solis
240 2001 386 2042 occasum.
426 1983 511 2043 Infra
531 1992 596 2054 920.
637 1984 726 2062 Epid.
747 1991 811 2051 137.
851 1983 923 2042 “Ni
950 1993 1018 2042 ante
1043 1983 1128 2041 solem
1153 2003 1284 2041 meorum

141 2090 268 2150 elicies.”
305 2092 356 2150 Ad
368 2093 449 2153 hunc
462 2095 561 2154 locum
573 2095 683 2154 Lsun:
705 2095 777 2154 citet
789 2115 826 2155 ex
841 2094 917 2154 Gell.
930 2095 1036 2154 XVII.
1050 2104 1078 2154 ἑὲ.
1119 2096 1205 2154 Leo:
1226 2114 1286 2154 111.

142 2197 221 2256 Tse.
263 2199 363 2259 “Post
378 2201 532 2262 meridiem
544 2204 684 2281 presenti
700 2203 785 2262 litem
800 2203 940 2274 addicito,
956 2204 1008 2263 Sol
1018 2224 1136 2263 occasus
1149 2225 1287 2284 suprema

141 2319 304 2388 tempestas
324 2315 413 2372 esto.”
441 2314 482 2372 Et
501 2313 587 2373 Varr.
606 2314 675 2374 Lib.
688 2313 743 2374 VI.
763 2315 842 2375 LJ..

198 2521 249 2534 —
295 2475 429 2549 Venias
453 2476 664 2569 advorsum]
718 2483 890 2568 comesor
911 2505 970 2547 me.
1022 2490 1105 2549 Infra
1129 2498 1197 2551 350.
1221 2491 1288 2560 367.

140 2600 225 2663 Asin.
240 2609 307 2670 277.
348 2601 430 2662 “Ibo
443 2602 620 2662 advorsum?
637 2607 690 2665 &o
732 2607 800 2665 Ter.
815 2606 874 2666 Ad.
888 2606 914 2664 Ι.
929 2627 949 2666 1.
963 2616 991 2668 2.
1032 2609 1169 2686 “Neque
1190 2630 1289 2670 servo-

140 2707 239 2768 lorum
260 2710 429 2789 quisquam‚
450 2712 503 2789 qui
524 2713 676 2772 advorsum
699 2711 821 2770 ierant?
861 2712 899 2770 In
920 2733 1011 2790 quem
1031 2713 1132 2774 locum
1156 2716 1288 2776 Renum.

141 2831 173 2880 et
193 2821 277 2881 Dos.
318 2822 504 2881 ”Adversum
525 2823 568 2880 ire
586 2843 646 2881 non
667 2823 762 2881 solum
784 2832 829 2880 est
849 2822 968 2880 obviem
989 2823 1042 2894 ire,
1064 2823 1116 2882 sed
1135 2824 1225 2882 etism
1245 2825 1290 2884 ire

140 2937 273 3015 aliquem
292 2901 449 3016 quaelsitum
468 2939 628 2999 constituto
645 2948 779 3017 tempore
798 2947 829 2997 et
846 2938 920 2996 loeo.
963 2936 999 2996 ln
1018 2938 1123 3016 primis
1140 2939 1178 2999 de
1196 2940 1290 3000 servis

141 3047 262 3120 dicitur,
290 3050 344 3127 qui
367 3051 491 3109 veniunt
513 3060 548 3108 ut
574 3051 707 3109 dominos
729 3049 851 3108 domum
872 3038 991 3109 dumnt.
1032 3050 1191 3130 Ejusmodi
1211 3053 1288 3113 servi

139 3165 264 3244 proprio
283 3167 403 3226 nomine
424 3165 620 3226 Adversitores
640 3167 854 3226 vocabantur.“

198 3349 267 3404 344.
314 3334 412 3410 Mihi
434 3335 596 3426 dolebit]
642 3340 765 3404 Isdall
787 3340 823 3402 be
844 3340 897 3402 tlte
919 3341 1066 3428 sufferer.
1113 3347 1182 3407 Hoc
1201 3367 1288 3408 seusu

140 3463 294 3542 praeoipue
308 3465 434 3524 verbum
450 3463 523 3523 dolet
543 3483 611 3522 oum
625 3461 726 3521 dativo
743 3461 934 3520 construitur.
975 3463 1044 3522 Ter.
1058 3464 1137 3522 Eun.
1151 3464 1177 3522 1.
1192 3483 1227 3523 11.
1243 3471 1288 3524 13.

142 3572 215 3631 “Ut
236 3571 290 3631 tibi
311 3573 417 3633 doleret
439 3573 553 3643 itidem,
577 3583 611 3632 ut
633 3570 702 3629 milti
725 3569 827 3629 dolet.”
871 3574 960 3631 Mart.
981 3573 1038 3652 Ep.
1052 3574 1078 3632 1.
1101 3583 1147 3635 14.
1192 3576 1290 3633 “Hoc

138 3685 219 3757 rrilts',
242 3685 335 3755 Paete,
356 3685 455 3744 dolet.”
495 3686 602 3744 Noster
624 3685 695 3743 cist.
709 3682 756 3743 66.
806 3681 903 3744 “Hoc
922 3684 990 3744 duic
1009 3682 1117 3746 dolet⁵'
1137 3689 1191 3747 &c-

161 3857 267 3913 om
318 3844 479 3937 Inscite]
527 3810 759 3933 semperne.
807 3855 890 3914 moa
910 3863 976 3915 ms.
1016 3856 1093 3929 ouae
1112 3822 1156 3916 nii
1176 3859 1257 3918 rme

196 4060 266 4121 347,
316 4039 465 4134 Ducit]
512 4051 588 4113 Hae
604 4053 642 4112 irs
658 4056 730 4112 low.
777 4053 990 4134 Metaphoriee.
1018 4055 1142 4142 ⁸Confer
1163 4059 1288 4140 Shsksp.

138 4175 207 4234 Aur.
230 4172 293 4232 arrd
315 4171 410 4252 Cleop.
437 4172 505 4234 Aet.
525 4173 584 4232 ΙΙΙ.
612 4173 659 4234 Sc.
678 4194 718 4232 rx.
759 4175 843 4252 “My
862 4173 947 4233 heurt
966 4195 1027 4234 wss
1052 4185 1085 4234 to
1103 4177 1158 4255 thy
1177 4179 1289 4241 rudder

138 4289 202 4348 tied
221 4289 266 4364 by
287 4285 339 4344 the
360 4284 479 4362 strings,
501 4285 572 4344 And
594 4284 667 4344 thou
687 4284 827 4344 should’st
847 4292 900 4345 tom
919 4305 962 4345 me
981 4286 1086 4364 reflerl'
