3084 5017
227 471 295 535 104
655 463 704 527 Μ.
730 462 766 528 Α.
794 460 973 526 PLAUTI

231 668 316 740 ΜΕ.
329 663 414 740 Non
428 663 552 762 edepol
566 665 619 737 ita
634 662 860 761 promeruisti
877 660 921 733 de
937 685 1004 743 me,
1022 668 1064 731 ut
1076 657 1210 755 pigeat,
1225 679 1303 750 quae
1315 648 1425 726 velis.

332 789 428 864 Mihi
450 799 503 861 est
527 787 752 862 Menaechmo
773 811 914 860 nomen.
1257 802 1259 806 ’

913 913 997 985 ΜΕ.
1014 910 1049 984 S.
1077 910 1156 982 Imo
1174 907 1299 1006 edepol
1314 904 1426 978 mihi.

235 1041 320 1114 ΜΕ.
334 1040 476 1114 Siculus
486 1064 563 1113 oum
580 1038 833 1136 Syracusanus.

702 1164 788 1237 ΜΕ.
803 1164 842 1237 S.
860 1162 919 1234 Ea
932 1161 1057 1233 domus
1071 1170 1108 1232 et
1120 1159 1239 1255 patria
1249 1166 1303 1230 est
1315 1153 1427 1227 mihi.

235 1291 319 1362 ΜΕ.
332 1287 429 1373 Quid
440 1313 505 1388 ego
521 1299 614 1361 exte
628 1288 759 1361 audio?

484 1414 572 1487 ΜΕ.
587 1414 623 1487 8.
643 1416 733 1500 Hoc,
747 1414 843 1511 quod
856 1439 910 1487 res
924 1422 988 1486 est.

592 1539 695 1614 Mns.
714 1541 812 1614 Novi
825 1537 1115 1638 equidemhunc:
1130 1535 1238 1611 herus
1248 1545 1301 1609 est
1312 1557 1429 1606 meus.

333 1665 416 1764 Ego
450 1663 594 1761 quidem
621 1661 729 1762 hujus
755 1691 869 1738 servos
901 1688 1001 1749 sum3
1036 1662 1098 1735 sed
1123 1687 1182 1734 me
1215 1685 1289 1733 esse
1315 1656 1431 1754 hujus

485 1788 630 1863 credidi.

334 1914 418 2013 Ego
434 1911 530 1988 hunc
547 1915 729 1988 censebam
747 1927 783 1988 te
802 1938 898 2000 esse3
922 1912 1008 1986 huic
1025 1913 1135 1985 etiam
1152 1907 1301 2002 exhibui
1318 1931 1434 2005 nego-

486 2039 589 2111 tium.
974 2103 976 2107 ,
1370 2043 1432 2105 970

336 2164 478 2250 Quoeso,
500 2166 670 2260 ignoscas,
698 2168 727 2237 si
751 2163 838 2260 quid
864 2163 974 2236 stulte
995 2162 1074 2235 dixi
1100 2171 1208 2256 atque
1232 2155 1434 2255 inprudens

485 2289 563 2362 tibi.

238 2415 324 2486 ΜΕ.
337 2415 374 2488 S.
393 2413 560 2488 Delirare
586 2413 676 2486 mihi
700 2417 829 2490 videre.
883 2417 968 2489 Non
995 2413 1274 2496 conmeministi,
1301 2408 1414 2483 simul

337 2539 393 2614 Te
407 2538 513 2614 hodie
526 2566 665 2614 mecum
677 2545 773 2616 exire
786 2568 806 2616 e
818 2545 932 2617 navi?

767 2671 874 2743 Mus.
892 2672 1089 2744 Enimvero
1101 2692 1242 2765 aequom
1253 2663 1440 2763 postulas:

339 2793 401 2867 Tu
416 2791 522 2867 herus
540 2819 587 2878 ee,
608 2806 651 2866 tu
669 2819 803 2867 servom
820 2821 945 2891 quaere.
998 2795 1061 2866 ΤΕ
1079 2793 1235 2866 salveto!
1263 2801 1308 2865 tu
1323 2788 1426 2861 vale!

339 2917 455 2993 Hunc
467 2944 532 3016 ego
545 2944 619 2992 esse
633 2920 688 2992 aio
702 2919 979 2994 Menaechmum.

738 3046 824 3118 ΜΕ.
842 3046 901 3118 At
914 3072 979 3144 ego
991 3071 1061 3117 me.

864 3171 951 3244 ΜΕ.
966 3169 1002 3243 S.
1021 3169 1116 3255 Quae
1128 3166 1206 3241 haec
1218 3165 1344 3240 fabula
1357 3165 1439 3238 est?

343 3292 405 3365 ΤΕ
417 3317 454 3365 es
467 3292 740 3367 Menaechmus?

555 3414 640 3486 ΜΕ.
660 3415 726 3489 Me
739 3443 813 3491 esse
825 3419 913 3504 dico,
926 3418 1081 3492 Moscho
1091 3427 1312 3515 prognatum
1324 3423 1440 3511 patre.

243 3569 268 3600 v.
282 3552 336 3600 966.
352 3551 430 3600 lamb.
445 3550 518 3600 Trim.
547 3553 688 3600 eor-1057.
703 3554 789 3602 Troch.
801 3557 866 3604 Tetr.
882 3556 936 3604 Cat.
950 3556 995 3611 Ea,
1010 3556 1143 3614 monosyll.
1173 3557 1228 3604 969.
1246 3554 1307 3611 Esse,
1322 3567 1374 3599 non
1385 3550 1444 3598 elid-

168 3633 169 3638 ’
433 3627 485 3674 970.
500 3627 557 3686 Ego,
573 3626 747 3686 conliquescit.
776 3631 829 3679 974.
845 3632 881 3680 Tu
897 3633 978 3688 berun
996 3632 1043 3687 Tu,
1059 3647 1109 3679 non
1124 3631 1248 3691 liquescit.
1357 3661 1368 3680 t

285 3729 353 3798 966.
394 3728 474 3786 Mihi
497 3738 537 3788 est
562 3730 738 3789 Meuoecbmo
761 3754 811 3791 no-
860 3745 969 3803 autem,
990 3735 1043 3812 qui
1062 3745 1117 3806 est,
1139 3756 1204 3793 non
1220 3742 1338 3813 putare.
1382 3727 1446 3787 Sed

245 3824 337 3903 men]
378 3824 427 3881 De
452 3824 671 3883 constructione
697 3824 811 3885 dictum
860 3832 892 3889 in
905 3853 934 3888 v.
947 3838 1016 3900 972,
1037 3831 1070 3889 in
1085 3832 1168 3891 viam
1184 3842 1300 3890 rectam
1314 3829 1354 3886 ab
1366 3827 1447 3884 hero

246 3918 279 3976 in
293 3919 389 3978 Gloss.
404 3919 444 3976 ad
457 3918 576 3996 Prolog.
592 3927 638 3978 43.
860 3938 1025 3986 revocatur.

287 4011 353 4080 968·
395 4011 514 4091 Hunc]
543 4013 634 4082 Nota,
650 4011 746 4092 (quod
759 4015 812 4072 ob-
900 4028 966 4089 970.
1014 4020 1148 4080 Exhibui
1188 4021 1363 4100 negotium]
1406 4027 1417 4053 ‘
1427 4018 1447 4075 I

249 4113 347 4161 servat
371 4103 562 4184 Lambinus,)
594 4125 689 4183 usque
715 4103 813 4165 adhuc
861 4113 937 4171 have
957 4115 1136 4175 occasioned
1155 4117 1280 4176 trouble
1300 4117 1349 4175 to?

249 4197 587 4265 errareMessenionem,
608 4217 738 4275 eumque
751 4217 813 4256 esse
900 4206 966 4275 976.
1008 4207 1132 4268 Moscho
1153 4212 1275 4289 patre]
1305 4208 1384 4268 Vide
1410 4205 1449 4264 in

249 4288 357 4344 herum
371 4289 523 4365 suspicari,
539 4290 591 4365 qui
601 4310 660 4347 non
670 4300 714 4349 est
722 4313 731 4359 ;
745 4311 814 4349 eum
863 4319 890 4354 v.
906 4298 971 4359 816.
