3084 5017
682 449 730 512 M.
755 449 794 511 Α.
819 447 1005 512 PLAU'l'I

622 871 731 936 Aen.
760 871 799 935 V.
847 870 1003 936 SCENA
1029 871 1067 934 V.

427 1069 553 1122 annx.
586 1065 830 1122 MENAEGHMUS.
865 1067 1028 1120 nomn.
1062 1065 1250 1118 MESSENIO.

252 1239 318 1314 Sn.
348 1238 421 1313 Per
442 1262 507 1338 ego
526 1237 624 1310 vobis
644 1236 727 1310 deos
753 1247 862 1334 atque
879 1234 1042 1310 homines
1064 1234 1154 1321 dieo,
1180 1245 1223 1309 ut
1247 1234 1439 1330 imperium

498 1386 618 1435 meum

352 1491 539 1588 Sapienter
560 1487 721 1562 habeatis
743 1512 845 1573 curae,
871 1512 949 1586 quae
969 1487 1141 1584 imperavi
1157 1496 1265 1583 atque
1281 1486 1439 1583 impero:

351 1617 479 1691 Facite
500 1615 577 1689 illio
597 1614 703 1689 homo
720 1616 857 1722 jamin
879 1613 1093 1688 medicinam
1114 1613 1254 1687 ablatus
1277 1610 1440 1686 sublimis

500 1742 580 1826 siet,
774 1802 777 1808 .
1092 1803 1096 1809 .
1383 1753 1441 1814 890

354 1867 437 1942 Nisi
454 1868 597 1967 quidem
610 1892 671 1940 vos
683 1877 800 1942 vostra
817 1891 918 1940 crura
932 1877 996 1940 aut
1010 1866 1125 1941 latera
1140 1865 1248 1940 nihili
1260 1864 1440 1962 penditis!

353 1995 447 2070 Cave
472 1997 672 2093 ‘quisquam
701 1994 798 2092 quod
823 1995 900 2068 illic
928 1995 1130 2080 minitetur,
1158 2004 1317 2067 vostrum
1340 1991 1441 2064 flocci

501 2121 645 2197 fecerit!

268 2333 271 2342 ι
353 2245 456 2334 Quid
476 2249 605 2320 statis?
632 2246 721 2344 quid
739 2247 942 2322 dubitatis?
977 2247 1062 2322 Jam
1086 2246 1276 2320 sublimem
1297 2254 1441 2342 raptum

503 2374 680 2469 oportuit!

355 2493 438 2592 Ego
450 2496 509 2569 ibo
522 2495 569 2570 ad
580 2495 781 2572 medicum:
798 2507 925 2594 praesto
938 2522 997 2572 ero
1009 2497 1076 2602 illi,
1089 2522 1197 2596 quom
1206 2496 1369 2570 venietis.

1190 2621 1278 2694 Mn.
1297 2619 1442 2695 Occidi!

355 2745 453 2832 Quid
475 2745 543 2820 hoc
562 2757 616 2821 est
638 2747 790 2845 negoti?
817 2746 904 2844 quid
923 2746 1020 2820 illice
1040 2745 1204 2820 homines
1223 2744 1272 2820 ad
1289 2770 1346 2820 me
1368 2771 1444 2819 cur-

504 2881 602 2958 runt,
627 2872 796 2945 obsecro?
1389 2887 1444 2949 895

355 2995 458 3082 Quid
482 2995 588 3070 voltis
611 2999 697 3069 vos?
734 2994 822 3093 quid
847 2995 1070 3091 quaeritatis?
1100 2994 1189 3092 quid
1213 3020 1273 3083 me
1297 2997 1445 3069 circum-

506 3122 660 3194 sistitis?

314 3327 353 3362 vv.
362 3313 489 3361 888-892,
503 3314 590 3362 Troch.
599 3313 664 3362 Tetr.
675 3314 730 3364 Cat.
742 3313 811 3368 Deos,
820 3313 947 3370 monosyll.
975 3314 1030 3362 898.
1046 3314 1114 3371 Cave,
1124 3313 1170 3361 ult.
1180 3314 1267 3374 corrip.
1280 3315 1371 3376 [Supra
1378 3312 1444 3372 888]

258 3385 321 3447 Illic,
341 3389 405 3449 prior
423 3390 480 3448 syll.
498 3389 586 3450 corrip.
609 3391 689 3452 [Inita
705 3389 772 3452 895.]
811 3390 937 3438 uta-900.
952 3391 1031 3440 lamb.
1048 3391 1113 3438 Tetr.
1145 3390 1199 3439 895.
1215 3391 1292 3446 illice,
1312 3391 1376 3450 prior
1393 3391 1446 3448 syll.

258 3462 343 3521 corrip.
361 3463 451 3525 [Supra
464 3461 532 3524 892]

298 3620 365 3674 888.
399 3613 461 3671 Per
471 3631 524 3692 ego
533 3613 640 3692 eodm]
660 3613 827 3672 Notissima
917 3621 983 3686 893.
1007 3614 1446 3696 Jomrablimemroptumopor·

259 3705 453 3784 adjurationis
473 3706 611 3776 formula,
633 3706 686 3764 ubi
707 3725 825 3784 praepo·
875 3712 958 3792 ruia]
994 3721 1004 3748 ‘
1011 3713 1082 3774 You
1096 3715 1205 3774 should
1220 3716 1300 3776 have
1311 3715 1372 3774 had
1385 3714 1448 3772 him

260 3800 328 3858 sitio
340 3821 401 3859 uno
413 3801 545 3860 alterove
554 3802 762 3860 verboacasu
772 3817 828 3858 suo
876 3825 959 3884 upon
985 3828 1063 3888 y0u1·
1088 3810 1247 3870 shoulders
1272 3811 1346 3890 long
1372 3811 1448 3888 ago'

261 3893 438 3972 sejungitur·
476 3893 546 3952 Ter·
566 3895 661 3952 Andr
679 3893 718 3950 v·
737 3911 759 3950 l·
780 3901 825 3952 15·
876 3903 982 3965 Utitur
990 3909 1287 3987 tempmeproeterito
1296 3927 1357 3986 quo
1367 3926 1447 3967 sum.

299 4000 374 4050 “Per
387 4009 468 4060 scote
483 4001 614 4050 ‹10⁰³010·”
644 4001 676 4050 Et
689 3999 785 4060 ΡΜ·
876 4019 957 4058 mam
988 4003 1169 4062 celeritatem
1199 4005 1367 4084 exprimat:
1399 4003 1449 4062 sic

302 4097 368 4159 890.
406 4093 446 4151 In
463 4091 659 4170 medicinam]
701 4089 831 4149 ‘Tothe
878 4094 1032 4174 Aristoph.
1047 4096 1118 4157 Pax.
1128 4104 1214 4158 1041.
1237 4108 1259 4135 “
1267 4100 1347 4157 Ἀλλ’
1360 4098 1449 4169 ἥκειν

264 4181 405 4244 doctor'sss
446 4189 485 4246 In
501 4188 610 4246 medici
628 4188 762 4256 domum,
776 4206 830 4245 seu
878 4189 1010 4270 lxpfivl’
1042 4193 1067 4268 (‘
1075 4191 1146 4252 Yon
1160 4194 1271 4254 should
1283 4197 1362 4262 have
1373 4196 1447 4253 been

265 4277 423 4340 tabernam.
463 4282 541 4339 Vide
561 4284 592 4340 in
613 4283 708 4340 Gloss.
878 4281 957 4341 there
984 4287 1044 4344 aad
1066 4287 1138 4346 bork
1165 4288 1257 4366 again
1282 4292 1326 4366 hy
1347 4291 1449 4363 noru’)
