3084 5017
568 448 619 513 IN
647 449 974 516 MENAEC-HMEI.
1277 454 1339 519 181

246 657 294 714 47.
344 638 472 739 Atque
497 638 614 732 odeo]
664 650 744 731 Nay
767 670 862 715 more.
910 655 991 718 Prot.
1012 663 1102 722 v.21.

245 864 297 876 —
335 819 489 912 serves]
539 832 599 892 Pro
619 831 773 894 observes.
822 833 899 894 Vide
920 835 1005 893 Infra
1027 842 1091 894 133.

245 1042 294 1052 -
332 999 392 1074 Ob
418 1027 495 1074 eam
522 999 767 1094 industriam]
813 1009 881 1072 For
904 1011 970 1074 tbts
993 1031 1070 1092 very
1088 1031 1243 1096 purpose.
1292 1016 1341 1075 Ob

184 1129 268 1188 istud
281 1130 391 1209 ipsum.
415 1129 513 1188 casin.
531 1129 595 1189 162.
622 1139 643 1166 “
652 1131 746 1203 Quasi
759 1129 793 1190 ob
808 1129 983 1190 industriam
998 1131 1038 1190 mi
1052 1133 1254 1194 adversetur?
1275 1123 1341 1195 651.

185 1243 299 1318 “Quid
319 1245 435 1304 tamdiu
454 1257 652 1316 remorantur,
674 1248 759 1326 qussi
779 1249 813 1307 ob
834 1247 1057 1307 industriomd”
1098 1247 1183 1311 Infra
1200 1248 1269 1320 693.

243 1441 291 1492 48.
328 1421 554 1516 Condicam]
596 1432 673 1494 Wtcr
693 1435 789 1494 mulce
815 1452 860 1494 on
884 1433 1120 1514 appointment.
1166 1436 1259 1496 Stich.
1273 1443 1340 1496 415.

184 1553 269 1610 “Eoe
289 1552 405 1610 condiri
424 1553 456 1611 in
476 1551 669 1631 symbolam.”
701 1552 778 1612 Ibid.
799 1561 866 1613 425.
897 1553 1043 1623 “Potare
1063 1563 1154 1632 atque
1173 1555 1213 1612 od
1232 1574 1341 1612 ooeuom

183 1665 361 1725 condicere.''
405 1667 560 1737 Absolute,
589 1667 651 1726 Cic.
675 1666 759 1726 Fam.
783 1666 808 1725 1.
832 1677 859 1737 9.
906 1675 926 1702 “
935 1667 1013 1725 Cum
1039 1666 1114 1724 mibi
1140 1667 1340 1726 condioeirretl'

237 1869 289 1882 -··
314 1822 494 1917 Coenam]
530 1833 674 1898 Dinocr-
711 1839 759 1899 De
773 1839 829 1899 hac
844 1839 927 1900 Infra
940 1847 987 1909 94.
1009 1839 1056 1916 (in
1069 1860 1133 1899 voc.
1149 1839 1337 1916 Prandium.)

177 1967 225 2018 est
244 1969 346 2017 sutem
365 1979 383 2017 s
403 1967 508 2031 κοῖνοε;
530 1958 587 2029 vel,
610 1972 644 2020 nt
663 1959 713 2019 elii
733 1960 849 2030 volunt,
870 1982 888 2019 u
907 1963 983 2029 θοίνη
1003 1960 1171 2019 convivium.

184 2101 188 2108 ⁵
241 2135 290 2198 49.
339 2118 452 2212 illim]
501 2130 565 2189 Ille.
608 2130 688 2189 Prol.
710 2139 756 2198 57.

241 2301 288 2353 51.
326 2283 465 2378 Euax]
507 2294 642 2357 Broco!
687 2297 896 2356 Exultsutium
915 2295 1092 2376 interjectio,
1114 2299 1152 2356 ab
1171 2317 1247 2367 cuce,
1269 2318 1337 2374 quae

178 2417 392 2477 bacchantium
412 2439 471 2477 vox
495 2429 548 2478 est
583 2419 692 2499 (Εὗοῑ.)
727 2417 824 2478 Cosin.
844 2415 911 2483 674.
953 2417 1081 2490 “Euor,
1108 2437 1189 2477 nuuc
1216 2417 1337 2478 demum

179 2545 249 2583 eum
269 2527 371 2586 liber.''
412 2528 533 2588 Curcul.
546 2537 593 2600 98.
637 2527 764 2600 “Euoc,
785 2528 919 2587 habeo!”
961 2528 1012 2588 Sic
1032 2549 1112 2608 euge,
1134 2547 1258 2607 eugepoe.
1280 2529 1334 2588 &c

238 2735 288 2748 -
321 2688 348 2762 J
350 2686 481 2788 Urgia]
530 2697 583 2779 By
605 2718 658 2778 my
681 2696 837 2775 scolding.
885 2697 1005 2758 Nonius
1021 2699 1095 2777 Cap.
1107 2697 1143 2755 V.
1158 2706 1204 2758 34.
1240 2698 1335 2758 ”Jur-

174 2813 258 2894 gs'um
280 2824 311 2873 et
329 2815 366 2874 lis
385 2816 463 2876 hanc
482 2816 594 2876 habent
614 2817 803 2886 distantiam3
830 2815 913 2894 quod
932 2811 1071 2894 Jurg'ium
1091 2814 1185 2873 levior
1205 2833 1253 2873 res
1272 2825 1334 2874 est:

178 2926 331 3004 siquidem
343 2928 420 2987 inter
433 2929 602 2999 benevolos,
624 2940 676 2988 aut
694 2928 882 3008 propinquos
902 2926 1056 2999 dissensio,
1076 2926 1125 2985 vel
1145 2927 1334 2996 concertatio,

179 3038 322 3120 Jurgium
338 3039 448 3100 dicitnr
456 3064 465 3112 ς
486 3040 564 3101 inter
584 3039 720 3102 inimicos
740 3041 895 3111 dissensio,
910 3038 966 3098 Lis
979 3039 1178 3118 appellatur.“
1211 3038 1272 3098 Cic.
1287 3038 1335 3097 De

179 3150 256 3228 Rep.
275 3149 343 3214 Lib.
357 3149 412 3208 1v.
454 3149 627 3210 “Admiror
639 3155 801 3212 verborum
814 3152 905 3212 etism
918 3150 1104 3230 elegantiam.
1146 3151 1178 3211 Si
1190 3152 1332 3230 jurgant,

176 3261 289 3340 inquit,
297 3265 510 3323 benevolorum
520 3266 709 3336 concertatio,
720 3285 783 3325 non
795 3264 832 3324 lis
845 3265 1045 3334 inimicorum,
1051 3263 1189 3344 jurgium
1203 3264 1330 3328 dicitur:

176 3372 314 3450 Jurgare
333 3371 426 3451 igitur
445 3373 495 3432 lex
516 3384 604 3452 putat
623 3374 700 3432 inter
721 3394 752 3433 se
773 3373 897 3443 vicinos,
918 3394 980 3433 non
999 3373 1144 3454 litigare?

236 3546 284 3599 54.
332 3525 506 3622 Pallam]
560 3539 588 3601 A
620 3538 734 3601 stuwi.
787 3541 913 3602 Vestem
945 3541 1128 3621 superiorem
1161 3540 1330 3609 mulierum,

175 3676 269 3737 quum
289 3655 321 3714 in
339 3656 496 3735 publicum
516 3656 679 3735 proditurae
699 3657 874 3717 induebant
1077 3652 1081 3660 ’

236 3835 283 3888 55.
332 3816 428 3892 Dari
451 3814 589 3908 verbm]
642 3831 749 3890 Oritur
769 3831 834 3891 haec
853 3830 970 3910 phrasis
989 3850 1026 3891 ex
1046 3830 1083 3888 iis
1102 3830 1156 3908 qui
1182 3849 1251 3894 cum
1276 3829 1330 3887 ali·

174 3948 252 4029 quid
278 3947 481 4026 promiserint,
510 3949 587 4008 fecto
607 3951 706 4009 verbis
732 3949 815 4009 haud
841 3960 1015 4027 exoequeut3
1042 3959 1078 4008 ut
1096 3948 1183 4010 verba
1203 3959 1329 4020 tuntum,

172 4062 219 4139 (et
239 4061 316 4121 nihil
336 4061 441 4141 ultra,)
462 4061 574 4122 dedisce
594 4063 760 4123 videantur.
803 4063 874 4122 Aul.
887 4071 935 4123 23.
976 4063 1054 4121 “Ne
1079 4061 1121 4122 mi
1148 4084 1185 4122 ex
1211 4062 1328 4125 insidiis

170 4166 259 4228 uerbo
273 4165 452 4245 inprudenti
466 4166 558 4226 duit'’
600 4168 729 4238 Persius,
744 4167 806 4229 Sat
822 4167 880 4226 111.
897 4173 957 4238 19..
983 4166 1068 4228 “Oui
1082 4165 1219 4228 55639υ
1259 4166 1327 4228 Ter.

170 4280 252 4340 And.
267 4279 294 4339 1.
310 4287 339 4338 3.
354 4277 383 4337 6.
426 4278 512 4338 “Cui
532 4279 618 4339 verba
640 4281 712 4339 dare
732 4279 850 4341 difficile
870 4282 942 4339 est’'
962 4282 1018 4340 &o
