3084 5017
186 441 230 508 90
615 436 665 498 Μ.
690 438 732 499 A.
759 436 944 501 PLAUTI
995 501 1002 514 ,

187 633 302 710 Mun.
316 633 397 708 Hoo
425 633 568 732 quidem
599 632 725 731 edepol
754 631 854 707 haud
882 657 946 731 pro
976 634 1103 706 insano
1127 632 1274 707 verbum
1304 657 1373 706 res·

434 759 562 858 pondit
588 759 690 833 mihi.
1319 774 1374 826 aas

287 883 562 959 Perdormisoin'
594 910 707 983 usque
738 884 785 957 ad
817 884 962 958 lucem?
998 882 1137 958 facilen’
1171 897 1224 960 tu.
1247 883 1377 958 dormis

439 1011 595 1084 cubans?
1220 993 1226 1003 „

189 1134 534 1210 MnPerdonniseo
559 1137 590 1211 si
614 1136 741 1210 resolvi
767 1146 957 1234 argentum
983 1139 1066 1233 quoi
1091 1136 1212 1210 debeo.

289 1260 367 1347 Qui
392 1272 429 1335 te
453 1261 599 1360 Jupiter
625 1263 733 1360 dique
758 1287 891 1347 omnes,
916 1258 1362 1361 percontator,⁶perduint!

190 1386 303 1459 ΜΕΙ).
319 1384 428 1462 Nune
452 1384 559 1461 homo
581 1388 738 1461 insanire
759 1398 931 1484 oooeptat.
980 1386 1043 1461 De
1064 1387 1138 1462 illis
1159 1387 1276 1461 verbis
1296 1411 1378 1462 eave

439 1511 525 1585 tibi!

190 1631 258 1708 Su.
288 1635 369 1708 Imo
400 1634 593 1710 modestior
626 1661 722 1711 nuno
756 1635 902 1732 quidem
936 1647 990 1710 est
1027 1635 1072 1710 de
1104 1637 1230 1722 verbis,
1265 1644 1380 1733 praeut

437 1759 575 1835 dudum
599 1760 681 1853 fuit.
1321 1775 1381 1828 sao

287 1880 386 1956 Nam
402 1883 541 1959 dudum
553 1910 699 1960 uxorem
716 1908 817 1960 suam
832 1909 907 1959 esse
921 1885 1040 1960 aiebat
1051 1884 1225 1960 rabiosam
1243 1908 1379 1960 sanem.

190 1997 278 2080 ΜΕ.
293 2007 393 2094 Quid
404 2034 471 2106 ego
484 2009 589 2096 dixi?

491 2132 556 2207 Su.
575 2133 728 2220 Insanis,
742 2136 902 2232 inquam.

792 2259 878 2334 ΜΕ.
896 2258 1052 2357 Egone?

947 2386 1012 2460 Su.
1031 2384 1093 2460 Tu
1105 2387 1199 2473 istie,
1213 2386 1276 2484 qui
1288 2381 1380 2458 mihi

290 2503 415 2584 Etiam
439 2537 497 2624 me
515 2515 652 2609 junctis
676 2515 859 2614 quadrigis
884 2515 1074 2588 minitatus
1096 2524 1327 2611 prosternere.

291 2633 450 2732 Egomet
472 2635 547 2712 haee
572 2649 609 2713 te
634 2639 709 2712 vidi
734 2638 868 2713 facere:
894 2648 1033 2736 egomet
1058 2635 1134 2710 haeo
1156 2648 1194 2710 te
1219 2659 1339 2733 arguo.

192 2757 277 2830 ΜΕ.
288 2757 347 2834 At
366 2787 431 2858 ego
448 2773 485 2836 te
503 2789 635 2838 saeram
653 2790 816 2839 coronam
834 2765 1048 2862 subripuisse
1065 2763 1136 2836 seio
1152 2761 1179 2836 J
1180 2761 1279 2846 ovis;
1322 2773 1381 2826 835

250 2923 273 2954 v.
289 2908 341 2955 887.
364 2908 462 2967 Resolvi,
477 2927 525 2960 non
542 2911 598 2961 olid.
614 2913 650 2960 B:
669 2912 733 2972 legit,
749 2915 804 2972 quoi
820 2927 871 2972 ego
888 2912 962 2959 debeo
1001 2910 1055 2958 889.
1072 2909 1140 2968 Gaas,
1157 2908 1204 2956 ult.
1219 2907 1278 2966 syll.
1294 2905 1381 2965 corrip.

190 2979 280 3042 [Supra
293 2983 332 3030 99.
349 2983 416 3031 Infra
431 2985 497 3046 898]
529 2986 583 3034 830.
598 2984 638 3032 Ita
654 2986 687 3034 V.
704 2992 728 3033 at
744 2983 781 3030 B:
798 2982 828 3030 ΙΙ
844 2984 971 3032 modestior.
1001 2983 1038 3046 (I,
1049 2981 1187 3037 refellentis,
1203 2989 1232 3030 ut
1247 2982 1302 3037 Ali,
1317 2980 1381 3039 etc.)

189 3057 308 3106 Ceterum
321 3061 452 3108 notandum
465 3063 525 3110 duas
536 3061 674 3121 posteriores
684 3061 780 3110 vocales
792 3061 839 3107 τοῦ
855 3061 972 3108 modestior
985 3060 1010 3109 in
1021 3075 1094 3108 unam
1106 3059 1224 3118 syllabam
1233 3059 1363 3107 coalescere
1373 3075 1381 3118 ς

187 3139 212 3180 et
219 3141 297 3192 preat
306 3133 492 3192 monosyllabice
502 3151 551 3184 ease
561 3135 729 3195 pronuntiand.
758 3134 811 3181 884.
827 3132 920 3192 Facere,
935 3141 959 3182 et
968 3142 998 3191 ta,
1014 3149 1062 3182 non
1071 3133 1214 3193 liquescunt.

229 3255 296 3316 887.
338 3249 373 3307 Si
396 3250 509 3322 resolvi,
533 3252 609 3331 eto]
647 3252 759 3311 Contra
808 3249 1002 3310 nihilominus
1021 3251 1156 3311 hilariter
1179 3262 1210 3311 et
1226 3251 1294 3311 laete
1312 3251 1379 3309 vix-

188 3345 221 3404 in
238 3345 394 3424 Aristopn
412 3347 517 3407 Nubb,
535 3348 607 3406 init,-
630 3348 758 3427 δωρεῇ.
791 3352 881 3416 απ,
896 3364 1059 3422 secureque
1073 3341 1242 3404 dormierat.
1275 3345 1379 3403 Laus.

190 3439 260 3498 ades
286 3439 346 3508 ille,
374 3459 483 3516 magno
506 3460 564 3500 aere
587 3440 685 3501 alieno
705 3443 758 3500 ob-
842 3444 908 3496 880.
929 3439 1377 3520 Immomodestior,eto.]‘Nay,

190 3536 321 3605 strictus,
343 3537 495 3612 queritur;
808 3552 841 3591 as
860 3534 908 3592 for
924 3537 998 3606 that,
1021 3537 1060 3597 be
1079 3538 1105 3597 is
1125 3538 1172 3596 far
1187 3556 1271 3597 more
1293 3539 1379 3597 sober

187 3662 205 3686 ‘⁸
217 3661 283 3709 Ἀλλ’
296 3663 324 3708 orl
334 3662 437 3723 δύναμαι
447 3664 557 3712 δείλαιος
570 3665 656 3720 εὕδειν,
672 3665 758 3712 δακνά·
808 3647 877 3688 now
896 3632 929 3690 in
951 3633 998 3693 ΜΒ
1020 3635 1217 3714 e¹P¹e⁸⁸i⁰n⁸²
1244 3635 1318 3698 than
1338 3635 1377 3694 he

249 3755 320 3797 penos
345 3779 349 3784 .
809 3742 869 3784 W88
887 3747 906 3785 8
924 3729 1002 3788 little
1022 3731 1207 3811 8781888830]

218 3811 283 3858 Ὑπὸ
295 3814 342 3868 τῆς
355 3812 473 3874 dardano,
488 3817 530 3862 real
539 3818 585 3872 τῆς
596 3815 702 3876 φάτνης,
718 3817 758 3864 καὶ

249 3881 415 3946 mfflm„
847 3842 913 3898 835.
954 3841 1079 3900 Sacram
1105 3861 1238 3901 eoronam
1266 3839 1376 3918 dosia]

192 3983 223 4045 Η
354 3992 361 4006 Ι
437 3993 445 4008 ·
544 3995 551 4010 ι
739 3995 746 4009 .
808 3928 917 3990 Confer
938 3934 1074 3994 Trinum.
1088 3937 1136 3998 68.
1158 3956 1224 4016 sqq.

226 4009 264 4048 uc
284 4001 414 4068 pertinet
432 4014 520 4077 Jocus
542 3994 593 4054 rlle
614 3998 757 4074 Augusta
1003 4030 1020 4054 u
1032 4028 1057 4076 Si
1071 4037 1095 4077 te
1109 4027 1257 4088 subripuisse
1271 4026 1376 4088 suspicer

193 4079 246 4156 qui
265 4081 321 4139 sibi
340 4083 431 4161 jussit
448 4088 506 4145 emi
526 4087 637 4165 equitis
658 4089 758 4167 cujus·
837 4089 892 4140 Jovi
909 4112 1020 4148 coronam
1039 4102 1162 4162 decapite
1179 4102 1205 4152 in
1222 4099 1364 4162 Capitolia?

193 4173 263 4231 dam
285 4174 368 4232 Rom.
394 4181 504 4239 mortui
529 4179 679 4249 culcitam,
706 4183 758 4260 qui
809 4180 895 4244 Idem
908 4191 1020 4252 crimen
1034 4206 1102 4273 post
1115 4193 1236 4256 cuidam
1251 4195 1372 4264 Petillia,

192 4267 281 4326 vivus
295 4265 336 4323 H.
349 4267 377 4323 S.
396 4269 550 4330 dueenties
562 4272 714 4343 debuerat,
728 4284 759 4335 et
808 4283 889 4356 apud
903 4285 977 4347 Hor.
993 4291 1054 4352 Sat
1069 4296 1094 4352 Ι.
1110 4315 1153 4353 rv.
1167 4304 1216 4366 94,
1232 4296 1372 4376 injectum
