3084 5017
615 472 942 542 unvncnunr.
1330 475 1374 562 7⁵

183 670 270 744 Mn.
286 670 475 770 Nusquam
505 674 669 771 equidem
700 676 894 773 quidquam
918 677 1076 775 deliqui;
1107 677 1187 768 (hoc
1215 673 1370 774 p'rimum

434 809 471 912 te
495 800 647 884 absolvo,
674 808 812 898 pater3)

282 920 419 995 Verum
434 925 551 997 vivere
564 923 704 999 hicnon
719 951 874 1022 possum,
886 951 1000 1023 neque
1015 928 1141 1000 durare
1155 927 1368 1001 ullomodo:

281 1046 393 1119 Proin
408 1057 449 1119 tu
463 1073 520 1121 me
533 1047 616 1123 hinc
630 1051 792 1124 abducas.

629 1178 693 1250 Sn.
712 1178 811 1262 Quid
824 1180 916 1250 istuc
930 1188 1048 1251 autem
1064 1180 1144 1250 est?

941 1302 1028 1374 Mn.
1050 1303 1239 1386 Ludibrio,
1255 1312 1366 1404 pater,

278 1424 432 1498 Habeor.

377 1551 444 1623 Su.
469 1550 608 1624 Unde?

528 1676 611 1748 Mn.
629 1673 694 1748 Ab
704 1676 778 1761 illo,
791 1677 873 1773 quoi
885 1701 941 1748 me
952 1677 1179 1763 mandavisti,
1191 1703 1270 1750 meo
1279 1679 1363 1750 viro.

179 1797 244 1870 Sn.
275 1797 371 1871 Ecce
388 1808 508 1871 autem
525 1799 706 1897 litigium!
733 1800 913 1887 Quotiens
928 1800 1073 1874 tandem
1090 1802 1187 1875 edixi
1202 1803 1280 1886 tibi,
1307 1810 1364 1876 687

276 1923 336 1998 Ut
362 1950 509 2010 caveres,
535 1934 662 1998 neuter
687 1924 732 1997 ad
758 1949 815 1998 me
841 1925 940 1998 iretis
967 1950 1045 1999 cum
1074 1927 1320 2023 querimonia?

177 2049 264 2122 Mu.
277 2050 349 2135 Qui
360 2052 464 2137 istuc,
478 2054 528 2124 mi
541 2063 652 2149 pater,
666 2078 787 2127 cavere
798 2077 938 2148 possum
950 2056 966 2125 ?

937 2175 1002 2248 SE.
1021 2175 1123 2250 Men’
1137 2177 1360 2275 interrogas?

178 2299 264 2373 Mu.
276 2300 360 2410 hJisi
372 2304 481 2375 nevis.

382 2427 446 2501 SE.
465 2426 645 2513 Quotiens
658 2431 851 2502 monstravi
863 2429 941 2514 tibi,
954 2431 1028 2502 viro
1042 2441 1083 2502 ut
1097 2455 1228 2504 morem
1240 2453 1360 2527 geras:

275 2555 373 2640 Quid
393 2554 454 2628 ille
476 2555 593 2640 faciat,
619 2582 665 2629 ne
685 2556 725 2628 id
747 2559 918 2640 observes,
947 2582 1016 2654 quo
1039 2567 1107 2644 eat,
1134 2558 1220 2654 quid
1244 2584 1360 2642 rerum

422 2688 551 2780 gerat?
1303 2693 1358 2762 691

176 2810 258 2883 Mn.
272 2811 330 2884 At
343 2811 438 2883 enirn
452 2810 514 2883 ille
523 2811 608 2883 hinc
619 2823 715 2884 amat
727 2813 948 2884 meretricem
958 2837 1003 2886 ex
1012 2833 1241 2908 proxumo...

1067 2935 1130 3007 SE.
1152 2935 1359 3033 Sanesapit,

274 3061 402 3158 Atque
419 3062 463 3132 ob
480 3061 813 3160 istamhindustriam
828 3062 935 3134 etiam
949 3059 1030 3134 faxo
1048 3061 1181 3133 amabit
1196 3061 1359 3159 amplius.

172 3290 194 3319 v.
209 3273 263 3319 665.
284 3270 355 3325 Istuc,
375 3267 439 3326 prior
452 3266 508 3325 syll.
523 3265 653 3326 corripitur.
677 3265 769 3326 [Supra
785 3264 833 3325 la]
869 3266 922 3314 686.
939 3269 999 3322 Meo,
1016 3266 1142 3325 monosyll.
1180 3267 1232 3314 687.
1249 3267 1357 3325 Tandem,

208 3360 257 3392 non
271 3343 328 3391 elid.
356 3342 410 3389 ffll.
425 3339 478 3396 rto,
492 3340 556 3400 prior
570 3341 625 3399 syll.
640 3339 726 3398 eorrip.
758 3338 802 3396 Nc,
817 3348 841 3388 et
856 3341 915 3399 Quo,
933 3342 1023 3403 [Supra
1038 3339 1090 3401 39,]
1106 3355 1154 3388 non
1170 3340 1313 3399 liquescunt.

210 3524 277 3585 683.
318 3523 440 3582 Absoloo
458 3525 513 3604 ta]
554 3525 599 3582 Ea
618 3545 690 3583 cura
709 3535 738 3582 te
790 3522 905 3582 neither
920 3522 955 3578 of
968 3540 1029 3598 you
1042 3519 1150 3578 should
1168 3540 1252 3579 come
1266 3532 1296 3580 to
1310 3543 1357 3581 me

170 3623 322 3691 liberabo;
344 3621 451 3680 faciam
471 3632 562 3680 utne
581 3621 614 3679 id
634 3621 738 3680 saltem
791 3618 863 3678 with
895 3637 972 3696 your
1000 3617 1194 3694 complaints?
1240 3617 1277 3675 Id
1304 3627 1357 3689 est,

171 3726 293 3775 metuas.
337 3715 372 3771 ‘1
393 3714 455 3773 will
474 3724 519 3772 set
541 3734 602 3791 you
623 3725 653 3772 at
672 3735 738 3774 ease
790 3714 1135 3792 (utobservathorv.)
1160 3713 1297 3783 Neuter,
1318 3735 1357 3774 ne

91 3844 93 3847 ·
171 3833 210 3872 on
229 3813 295 3871 that
312 3814 413 3870 acore?
789 3812 837 3871 vel
849 3811 984 3878 maritus,
1004 3809 1050 3868 vel
1064 3819 1107 3878 tu,
1129 3809 1167 3866 ad
1186 3830 1233 3868 me
1246 3810 1336 3868 iretis.

514 4112 521 4126 .
788 4068 917 4127 dictum:
941 4078 976 4126 ut
990 4068 1087 4145 Supra
1102 4067 1166 4128 168.

170 4134 243 4174 voce
268 4122 362 4172 autem
391 4113 558 4191 emphatice
585 4122 735 4189 usurpata,

170 4211 248 4270 Vide
268 4211 365 4273 G1085·
386 4210 471 4268 Infra
489 4209 555 4276 637·
827 4222 893 4293 693.
946 4221 988 4280 Ob
1023 4222 1115 4280 istanc
1153 4222 1353 4304 industriam]

208 4320 274 4379 688.
302 4320 413 4378 Neuter
421 4320 460 4377 od
469 4339 511 4376 me
519 4317 628 4396 iretis]
644 4317 737 4376 ‘That
788 4318 868 4390 Quia
884 4319 970 4378 istam
984 4317 1161 4378 industriam
1179 4330 1209 4378 et
1227 4321 1353 4398 diligen-
