3084 5017
515 474 566 538 IN
594 475 922 539 MENAECHMEI.
1225 477 1291 545 129

144 668 243 746 ⁰29.
295 672 394 745 Garis
418 671 538 766 meis]
588 687 668 745 vus
687 686 773 746 Noe.
793 686 863 745 noc
885 705 972 744 sensu
997 685 1055 744 ov.
1075 684 1149 743 nst.
1170 684 1226 742 x1.
1248 692 1294 744 ss.

139 793 365 861 '‘Non'eureus
384 803 437 862 ilio
456 805 613 885 Tempore,
630 825 685 865 nec
702 805 782 864 curis
800 817 863 865 erat
881 804 1048 864 invidiosus
1067 804 1192 864 arenis.”
1223 805 1297 881 ·(Do

139 903 400 994 fluvio'Pactolo.)
444 917 514 975 Aul.
530 925 596 978 324.
642 918 768 977 “Venio
797 917 837 976 ad
862 918 1031 988 macellum,
1059 917 1161 995 rogito
1174 917 1294 995 pisci„

137 1018 273 1080 indicant
299 1043 392 1092 curos,
420 1026 561 1103 agninam
587 1046 698 1096 corum,
726 1047 828 1084 carum
851 1027 1151 1096 bubulum,....ouru
1177 1027 1293 1095 omnia3

135 1142 230 1209 atque
251 1154 287 1192 eo
307 1135 431 1196 fuerunt
451 1137 579 1207 curiora,
600 1158 640 1196 aes
663 1157 723 1196 non
742 1140 833 1196 erat.''

195 1309 243 1362 31.
292 1298 549 1392 instruontur]
603 1307 669 1369 Are
698 1308 817 1369 drawn
844 1327 892 1389 up
922 1308 960 1368 in
994 1327 1104 1389 orruy.
1158 1312 1293 1372 Verbum

136 1424 252 1484 militioe
269 1429 434 1508 proprium.
476 1430 560 1507 (Vid.
574 1431 605 1488 in
620 1430 720 1511 Noto)
760 1430 874 1508 Amph.
889 1429 936 1490 68.
976 1431 1132 1492 “Nostros
1144 1452 1199 1492 nos
1211 1452 1294 1491 more

136 1547 241 1598 nostro
253 1539 442 1600 instruximus
449 1565 464 1608 ‚·
491 1543 564 1602 item
579 1543 679 1602 hostes
699 1552 804 1601 contre
815 1562 885 1600 suas
897 1541 1030 1619 legiones
1050 1540 1223 1603 instruunt?
1237 1544 1291 1601 &e
1393 1563 1397 1570 ·

194 1711 244 1763 32.
291 1699 353 1771 Ad
383 1725 465 1773 eum
494 1695 640 1790 inviso]
693 1711 786 1768 Mers.
809 1717 874 1770 545.
929 1709 1031 1767 «nuc
1063 1708 1143 1766 ineo
1176 1707 1217 1765 au
1250 1728 1293 1764 me

135 1826 260 1888 inuisum
283 1833 433 1890 domum.''
473 1832 568 1892 Stich.
582 1841 628 1892 54.
670 1834 749 1892 “Aa
768 1854 860 1892 meam
869 1833 973 1909 fllium
993 1831 1086 1891 inviso
1106 1831 1257 1890 domum.''

192 2003 242 2056 33.
291 1988 460 2082 Eccum]
508 1999 594 2063 Ecce
617 2021 700 2064 eum.
753 2005 805 2064 Sic
826 2024 903 2073 ecco,
925 2024 995 2064 eece
1017 2023 1070 2073 ea;
1098 2021 1202 2072 eccam,
1222 2021 1291 2060 ecoe

135 2137 221 2188 eum3
247 2139 326 2178 eccos
347 2142 415 2182 ecee
436 2144 486 2182 eos
496 2147 506 2194 3
534 2123 672 2193 eccillum,
695 2144 763 2184 ecce
782 2125 886 2194 illum;
915 2123 1009 2194 ellum,
1031 2144 1068 2182 en
1087 2123 1192 2193 illum3
1216 2123 1270 2181 &o

190 2292 239 2346 34.
289 2277 502 2374 Indomita]
550 2293 761 2356 Intraotuble.
815 2297 970 2365 Pervicax,
997 2305 1175 2355 oontumux:
1212 2292 1291 2365 Qus

133 2402 250 2462 domari
271 2425 331 2468 non
349 2417 458 2484 potest.

189 2596 244 2612 -
278 2551 387 2651 Inpos
404 2553 546 2648 animi]
582 2571 640 2628 Cui
653 2591 737 2630 mens
752 2591 896 2630 sanunon
910 2581 964 2630 est.
991 2571 1145 2648 Impotens.
1170 2568 1282 2627 Contra

130 2699 247 2758 compos
260 2682 377 2740 mentis.
418 2684 484 2774 Cas.
498 2693 565 2752 507.
607 2688 753 2766 “Eripite
769 2689 820 2747 isti
839 2688 984 2766 gladium,
1007 2708 1076 2765 quae
1089 2686 1136 2745 sui
1149 2683 1291 2763 eetiupos

130 2789 254 2849 animi.''
295 2792 362 2851 AEn.
378 2792 435 2852 IV.
455 2803 521 2856 300.
563 2796 655 2877 Inops
674 2799 774 2857 animi.
815 2799 858 2858 Et
878 2799 976 2858 simill.

190 2973 238 3038 36.
266 2965 500 3060 Proeierhac]
529 2976 799 3062 Heneesorword.
830 2981 969 3040 Posthac.
1002 2979 1087 3040 Infra
1098 2978 1165 3044 627.
1199 2927 1305 3034 Most·=

131 3105 178 3164 71.
222 3095 330 3156 “Mihi
339 3100 506 3178 preterhac
519 3121 581 3160 non
594 3100 685 3161 facies
699 3104 841 3160 moram.”
878 3100 969 3160 Stich.
985 3106 1051 3159 332.
1087 3106 1107 3134 “
1118 3080 1289 3154 Pretorius

131 3209 156 3266 si
177 3228 228 3266 me
246 3195 429 3272 inritassis!”
471 3211 531 3283 Sic,
553 3213 637 3273 Infra
660 3213 725 3281 161,
748 3215 906 3274 Proetereo.

189 3387 237 3445 ³7.
287 3367 421 3457 Faxis;
450 3369 561 3464 faxo]
609 3382 692 3444 Vett.
732 3387 794 3445 Pro
802 3384 927 3464 seceris,
948 3396 979 3444 et
987 3383 1099 3463 fecero.

188 3580 239 3610 -ὲ-
264 3547 419 3641 Vidua]
455 3565 523 3625 Viro
542 3566 699 3648 dimensio.
728 3569 814 3627 Infra
826 3567 894 3628 622.
926 3569 1080 3627 ”Omnino
1099 3569 1180 3628 enim
1199 3532 1286 3625 uidua

127 3710 164 3748 ea
177 3657 222 3748 est
243 3709 321 3767 quae,
334 3702 496 3766 postquam
508 3688 621 3766 nupsit,
636 3689 827 3748 viroearet.“
858 3690 962 3748 Lm.
1004 3687 1073 3746 Hoc
1087 3704 1174 3747 sensu
1195 3678 1285 3740 ovid.

131 3799 258 3860 Heroid.
290 3800 346 3878 Ep.
364 3809 388 3858 l.
431 3800 596 3858 “Lassaret
620 3798 723 3857 viduas
749 3801 882 3878 pendula
901 3801 961 3859 tela
979 3801 1111 3858 manus.”
1152 3793 1242 3855 Stich.
1259 3801 1284 3850 l.

129 3912 302 3970 “Miseram
324 3911 413 3970 credo
434 3911 626 3990 Penelopam,
648 3912 725 3984 Quae
745 3923 807 3970 tum
829 3911 881 3970 diu
902 3911 990 3970 vidua
1012 3911 1078 3970 viro
1098 3909 1220 3969 ceruit.’'

186 4084 234 4136 38·
280 4065 491 4159 Quotiens]
536 4079 621 4140 Infra
638 4079 704 4152 690.
745 4080 845 4138 ”Cum
871 4099 935 4138 moe
962 4089 1039 4138 esset
1063 4077 1146 4156 apud
1172 4076 1286 4154 priscos

129 4201 281 4258 Romanos
295 4199 412 4258 vocales
425 4199 529 4276 longas
542 4221 560 4258 a
572 4199 715 4259 brevibus
728 4197 812 4279 apice
825 4195 964 4276 imposito,
986 4192 1151 4273 [Quinctil.
1170 4195 1245 4254 Inst.
1254 4194 1288 4253 ·1.·

128 4304 287 4384 v11.s'nit.]
308 4304 503 4381 distinguere,
526 4306 578 4383 (ud
598 4303 679 4367 hune
696 4308 830 4375 modum,
850 4291 966 4384 KR)
979 4316 1016 4363 :et
1033 4305 1284 4364 eandemzlineam

680 4443 707 4494 R
