<?xml version="1.0" encoding="UTF-8"?>
<!DOCTYPE html PUBLIC "-//W3C//DTD XHTML 1.0 Transitional//EN"
    "http://www.w3.org/TR/xhtml1/DTD/xhtml1-transitional.dtd">
<html xmlns="http://www.w3.org/1999/xhtml" xml:lang="en" lang="en">
 <head>
  <title>
</title>
<meta http-equiv="Content-Type" content="text/html;charset=utf-8" />
  <meta name='ocr-system' content='tesseract 3.04.00' />
  <meta name='ocr-capabilities' content='ocr_page ocr_carea ocr_par ocr_line ocrx_word'/>
</head>
<body>
  <div class='ocr_page' id='page_1' title='image "./maplautimenaech00hildgoog_0083.png"; bbox 0 0 3084 5017; ppageno 0'>
   <div class='ocr_carea' id='block_1_1' title="bbox 560 454 1311 538">
    <p class='ocr_par' dir='ltr' id='par_1_1' title="bbox 560 454 1311 538">
     <span class='ocr_line' id='line_1_1' title="bbox 560 454 1311 538; baseline 0 -20"><span class='ocrx_word' id='word_1_1' title='bbox 560 455 885 520; x_wconf 80' lang='lat' dir='ltr'>Msnucunnr.</span> <span class='ocrx_word' id='word_1_2' title='bbox 1271 454 1311 538; x_wconf 86' lang='lat'>71</span> 
     </span>
    </p>
   </div>
   <div class='ocr_carea' id='block_1_2' title="bbox 127 652 1314 2522">
    <p class='ocr_par' dir='ltr' id='par_1_2' title="bbox 127 652 1314 2522">
     <span class='ocr_line' id='line_1_2' title="bbox 229 652 1314 751; baseline -0.009 -24"><span class='ocrx_word' id='word_1_3' title='bbox 229 653 298 727; x_wconf 91' lang='lat' dir='ltr'>Vel</span> <span class='ocrx_word' id='word_1_4' title='bbox 325 653 547 751; x_wconf 89' lang='lat' dir='ltr'>usquedum</span> <span class='ocrx_word' id='word_1_5' title='bbox 574 679 723 751; x_wconf 88' lang='lat' dir='ltr'>regnum</span> <span class='ocrx_word' id='word_1_6' title='bbox 750 653 927 727; x_wconf 85' lang='lat' dir='ltr'>obtinebit</span> <span class='ocrx_word' id='word_1_7' title='bbox 951 652 1106 750; x_wconf 86' lang='lat' dir='ltr'>Jupiter.</span> <span class='ocrx_word' id='word_1_8' title='bbox 1256 659 1314 718; x_wconf 82' lang='grc'>666</span> 
     </span>
     <span class='ocr_line' id='line_1_3' title="bbox 129 777 1114 877; baseline 0.002 -27"><span class='ocrx_word' id='word_1_9' title='bbox 129 777 214 851; x_wconf 79' lang='grc' dir='ltr'>Μυ.</span> <span class='ocrx_word' id='word_1_10' title='bbox 230 781 336 853; x_wconf 88' lang='lat' dir='ltr'>Hanc</span> <span class='ocrx_word' id='word_1_11' title='bbox 359 777 448 852; x_wconf 91' lang='lat' dir='ltr'>mihi</span> <span class='ocrx_word' id='word_1_12' title='bbox 473 782 627 877; x_wconf 79' lang='lat' dir='ltr'>negabas</span> <span class='ocrx_word' id='word_1_13' title='bbox 651 780 788 854; x_wconf 91' lang='lat' dir='ltr'>dudum</span> <span class='ocrx_word' id='word_1_14' title='bbox 816 781 1031 876; x_wconf 84' lang='lat' dir='ltr'>subripuisse</span> <span class='ocrx_word' id='word_1_15' title='bbox 1056 790 1114 865; x_wconf 91' lang='lat' dir='ltr'>te;</span> 
     </span>
     <span class='ocr_line' id='line_1_4' title="bbox 169 903 1287 1002; baseline 0.002 -27"><span class='ocrx_word' id='word_1_16' title='bbox 169 909 176 918; x_wconf 67' lang='grc'><em>“</em></span> <span class='ocrx_word' id='word_1_17' title='bbox 229 903 337 978; x_wconf 91' lang='lat' dir='ltr'>Nunc</span> <span class='ocrx_word' id='word_1_18' title='bbox 362 904 511 979; x_wconf 88' lang='lat' dir='ltr'>eandem</span> <span class='ocrx_word' id='word_1_19' title='bbox 535 917 618 979; x_wconf 86' lang='lat' dir='ltr'>ante</span> <span class='ocrx_word' id='word_1_20' title='bbox 644 904 760 978; x_wconf 89' lang='lat' dir='ltr'>oculos</span> <span class='ocrx_word' id='word_1_21' title='bbox 786 907 938 979; x_wconf 81' lang='lat' dir='ltr'>attines!</span> <span class='ocrx_word' id='word_1_22' title='bbox 972 905 1058 978; x_wconf 90' lang='lat' dir='ltr'>Nou</span> <span class='ocrx_word' id='word_1_23' title='bbox 1085 916 1122 979; x_wconf 95' lang='lat' dir='ltr'>te</span> <span class='ocrx_word' id='word_1_24' title='bbox 1147 905 1287 1002; x_wconf 87' lang='lat' dir='ltr'>pudet?</span> 
     </span>
     <span class='ocr_line' id='line_1_5' title="bbox 127 1030 1268 1117; baseline 0 -13"><span class='ocrx_word' id='word_1_25' title='bbox 127 1033 213 1104; x_wconf 79' lang='lat' dir='ltr'>Mn.</span> <span class='ocrx_word' id='word_1_26' title='bbox 229 1030 318 1104; x_wconf 89' lang='lat' dir='ltr'>Heu</span> <span class='ocrx_word' id='word_1_27' title='bbox 340 1030 467 1116; x_wconf 89' lang='lat' dir='ltr'>hercle,</span> <span class='ocrx_word' id='word_1_28' title='bbox 493 1032 634 1117; x_wconf 87' lang='lat' dir='ltr'>mulier,</span> <span class='ocrx_word' id='word_1_29' title='bbox 658 1031 816 1106; x_wconf 88' lang='lat' dir='ltr'>multum</span> <span class='ocrx_word' id='word_1_30' title='bbox 838 1044 875 1106; x_wconf 94' lang='lat' dir='ltr'>et</span> <span class='ocrx_word' id='word_1_31' title='bbox 898 1032 1016 1106; x_wconf 88' lang='lat' dir='ltr'>audax</span> <span class='ocrx_word' id='word_1_32' title='bbox 1038 1043 1076 1105; x_wconf 93' lang='lat' dir='ltr'>et</span> <span class='ocrx_word' id='word_1_33' title='bbox 1101 1032 1196 1106; x_wconf 88' lang='lat' dir='ltr'>mala</span> <span class='ocrx_word' id='word_1_34' title='bbox 1221 1058 1268 1105; x_wconf 90' lang='lat' dir='ltr'>es.</span> 
     </span>
     <span class='ocr_line' id='line_1_6' title="bbox 228 1156 1299 1257; baseline 0.001 -28"><span class='ocrx_word' id='word_1_35' title='bbox 228 1156 324 1230; x_wconf 85' lang='lat' dir='ltr'>Tun’</span> <span class='ocrx_word' id='word_1_36' title='bbox 349 1159 416 1231; x_wconf 93' lang='lat' dir='ltr'>tibi</span> <span class='ocrx_word' id='word_1_37' title='bbox 443 1160 645 1257; x_wconf 89' lang='lat' dir='ltr'>subreptam</span> <span class='ocrx_word' id='word_1_38' title='bbox 672 1157 764 1232; x_wconf 89' lang='lat' dir='ltr'>hanc</span> <span class='ocrx_word' id='word_1_39' title='bbox 789 1158 905 1232; x_wconf 84' lang='lat' dir='ltr'>dicere</span> <span class='ocrx_word' id='word_1_40' title='bbox 930 1158 1050 1244; x_wconf 89' lang='lat' dir='ltr'>audes,</span> <span class='ocrx_word' id='word_1_41' title='bbox 1076 1182 1182 1255; x_wconf 85' lang='lat' dir='ltr'>quam</span> <span class='ocrx_word' id='word_1_42' title='bbox 1208 1157 1299 1232; x_wconf 88' lang='lat' dir='ltr'>mihi</span> 
     </span>
     <span class='ocr_line' id='line_1_7' title="bbox 230 1284 1313 1373; baseline -0.004 -17"><span class='ocrx_word' id='word_1_43' title='bbox 230 1284 349 1358; x_wconf 91' lang='lat' dir='ltr'>Dedit</span> <span class='ocrx_word' id='word_1_44' title='bbox 374 1286 445 1358; x_wconf 87' lang='lat' dir='ltr'>alia</span> <span class='ocrx_word' id='word_1_45' title='bbox 469 1287 606 1373; x_wconf 90' lang='lat' dir='ltr'>mulier,</span> <span class='ocrx_word' id='word_1_46' title='bbox 633 1297 675 1360; x_wconf 91' lang='lat' dir='ltr'>ut</span> <span class='ocrx_word' id='word_1_47' title='bbox 701 1286 980 1360; x_wconf 83' lang='lat' dir='ltr'>concinnandam</span> <span class='ocrx_word' id='word_1_48' title='bbox 1006 1286 1154 1360; x_wconf 84' lang='lat' dir='ltr'>darem?</span> <span class='ocrx_word' id='word_1_49' title='bbox 1255 1294 1313 1353; x_wconf 82' lang='lat'>635</span> 
     </span>
     <span class='ocr_line' id='line_1_8' title="bbox 127 1408 1219 1510; baseline 0.005 -30"><span class='ocrx_word' id='word_1_50' title='bbox 127 1408 215 1482; x_wconf 80' lang='lat' dir='ltr'>Mu,</span> <span class='ocrx_word' id='word_1_51' title='bbox 230 1411 297 1482; x_wconf 88' lang='lat' dir='ltr'>Nae</span> <span class='ocrx_word' id='word_1_52' title='bbox 323 1412 416 1483; x_wconf 92' lang='lat' dir='ltr'>istuc</span> <span class='ocrx_word' id='word_1_53' title='bbox 441 1423 610 1486; x_wconf 84' lang='lat' dir='ltr'>mecastor</span> <span class='ocrx_word' id='word_1_54' title='bbox 631 1416 708 1508; x_wconf 90' lang='lat' dir='ltr'>jam</span> <span class='ocrx_word' id='word_1_55' title='bbox 734 1423 871 1510; x_wconf 88' lang='lat' dir='ltr'>patrem</span> <span class='ocrx_word' id='word_1_56' title='bbox 896 1438 1064 1486; x_wconf 84' lang='lat' dir='ltr'>arcessam</span> <span class='ocrx_word' id='word_1_57' title='bbox 1090 1438 1219 1497; x_wconf 92' lang='lat' dir='ltr'>meum,</span> 
     </span>
     <span class='ocr_line' id='line_1_9' title="bbox 229 1533 1043 1635; baseline 0.004 -27"><span class='ocrx_word' id='word_1_58' title='bbox 229 1533 357 1633; x_wconf 89' lang='lat' dir='ltr'>Atque</span> <span class='ocrx_word' id='word_1_59' title='bbox 380 1539 547 1611; x_wconf 87' lang='lat' dir='ltr'>enarrabo</span> <span class='ocrx_word' id='word_1_60' title='bbox 571 1549 634 1611; x_wconf 91' lang='lat' dir='ltr'>tua</span> <span class='ocrx_word' id='word_1_61' title='bbox 659 1537 809 1635; x_wconf 85' lang='lat' dir='ltr'>flagitia,</span> <span class='ocrx_word' id='word_1_62' title='bbox 835 1563 913 1635; x_wconf 88' lang='lat' dir='ltr'>quae</span> <span class='ocrx_word' id='word_1_63' title='bbox 938 1536 1043 1611; x_wconf 87' lang='lat' dir='ltr'>facis!</span> 
     </span>
     <span class='ocr_line' id='line_1_10' title="bbox 230 1662 1151 1763; baseline 0.004 -28"><span class='ocrx_word' id='word_1_64' title='bbox 230 1664 261 1749; x_wconf 89' lang='lat'>1,</span> <span class='ocrx_word' id='word_1_65' title='bbox 288 1662 415 1748; x_wconf 89' lang='lat' dir='ltr'>Decio,</span> <span class='ocrx_word' id='word_1_66' title='bbox 442 1691 557 1761; x_wconf 86' lang='lat' dir='ltr'>quaere</span> <span class='ocrx_word' id='word_1_67' title='bbox 583 1691 702 1739; x_wconf 91' lang='lat' dir='ltr'>meum</span> <span class='ocrx_word' id='word_1_68' title='bbox 726 1678 875 1763; x_wconf 90' lang='lat' dir='ltr'>patrem,</span> <span class='ocrx_word' id='word_1_69' title='bbox 901 1678 1019 1741; x_wconf 92' lang='lat' dir='ltr'>tecum</span> <span class='ocrx_word' id='word_1_70' title='bbox 1045 1669 1151 1741; x_wconf 91' lang='lat' dir='ltr'>simul</span> 
     </span>
     <span class='ocr_line' id='line_1_11' title="bbox 228 1791 1314 1894; baseline 0.007 -29"><span class='ocrx_word' id='word_1_71' title='bbox 228 1791 288 1865; x_wconf 89' lang='lat' dir='ltr'>Ut</span> <span class='ocrx_word' id='word_1_72' title='bbox 313 1794 433 1867; x_wconf 88' lang='lat' dir='ltr'>veniat</span> <span class='ocrx_word' id='word_1_73' title='bbox 459 1795 505 1867; x_wconf 91' lang='lat' dir='ltr'>ad</span> <span class='ocrx_word' id='word_1_74' title='bbox 527 1819 605 1867; x_wconf 89' lang='lat' dir='ltr'>me:</span> <span class='ocrx_word' id='word_1_75' title='bbox 632 1797 684 1869; x_wconf 90' lang='lat' dir='ltr'>ita</span> <span class='ocrx_word' id='word_1_76' title='bbox 708 1821 781 1894; x_wconf 60' lang='lat' dir='ltr'>[em</span> <span class='ocrx_word' id='word_1_77' title='bbox 808 1822 882 1869; x_wconf 90' lang='lat' dir='ltr'>esse</span> <span class='ocrx_word' id='word_1_78' title='bbox 908 1796 1026 1869; x_wconf 91' lang='lat' dir='ltr'>dicito.</span> <span class='ocrx_word' id='word_1_79' title='bbox 1256 1805 1314 1873; x_wconf 81' lang='lat'>639</span> 
     </span>
     <span class='ocr_line' id='line_1_12' title="bbox 228 1917 973 2020; baseline 0.005 -31"><span class='ocrx_word' id='word_1_80' title='bbox 228 1917 313 1992; x_wconf 89' lang='lat' dir='ltr'>Jam</span> <span class='ocrx_word' id='word_1_81' title='bbox 339 1945 404 2015; x_wconf 86' lang='lat' dir='ltr'>ego</span> <span class='ocrx_word' id='word_1_82' title='bbox 430 1923 582 2017; x_wconf 88' lang='lat' dir='ltr'>aperiam</span> <span class='ocrx_word' id='word_1_83' title='bbox 609 1919 707 1994; x_wconf 87' lang='lat' dir='ltr'>istaec</span> <span class='ocrx_word' id='word_1_84' title='bbox 732 1933 795 1994; x_wconf 92' lang='lat' dir='ltr'>tua</span> <span class='ocrx_word' id='word_1_85' title='bbox 816 1921 973 2020; x_wconf 85' lang='lat' dir='ltr'>flagitia!</span> 
     </span>
     <span class='ocr_line' id='line_1_13' title="bbox 981 2044 1313 2120; baseline -0.006 0"><span class='ocrx_word' id='word_1_86' title='bbox 981 2044 1066 2120; x_wconf 84' lang='grc' dir='ltr'>ΜΕ.</span> <span class='ocrx_word' id='word_1_87' title='bbox 1095 2046 1222 2120; x_wconf 84' lang='lat' dir='ltr'>Sanau’</span> <span class='ocrx_word' id='word_1_88' title='bbox 1248 2050 1313 2120; x_wconf 83' lang='lat' dir='ltr'>es?</span> 
     </span>
     <span class='ocr_line' id='line_1_14' title="bbox 231 2172 590 2270; baseline 0.006 -26"><span class='ocrx_word' id='word_1_89' title='bbox 231 2172 318 2255; x_wconf 86' lang='lat' dir='ltr'>Quae</span> <span class='ocrx_word' id='word_1_90' title='bbox 333 2199 413 2247; x_wconf 86' lang='lat' dir='ltr'>mea</span> <span class='ocrx_word' id='word_1_91' title='bbox 426 2174 590 2270; x_wconf 83' lang='lat' dir='ltr'>flagitia?</span> 
     </span>
     <span class='ocr_line' id='line_1_15' title="bbox 555 2298 1314 2396; baseline 0 -25"><span class='ocrx_word' id='word_1_92' title='bbox 555 2299 640 2371; x_wconf 78' lang='lat' dir='ltr'>Mu,</span> <span class='ocrx_word' id='word_1_93' title='bbox 659 2298 781 2385; x_wconf 91' lang='lat' dir='ltr'>Quom</span> <span class='ocrx_word' id='word_1_94' title='bbox 795 2298 925 2396; x_wconf 88' lang='lat' dir='ltr'>pallam</span> <span class='ocrx_word' id='word_1_95' title='bbox 939 2311 1046 2395; x_wconf 88' lang='lat' dir='ltr'>atque</span> <span class='ocrx_word' id='word_1_96' title='bbox 1058 2324 1184 2373; x_wconf 86' lang='lat' dir='ltr'>aurum</span> <span class='ocrx_word' id='word_1_97' title='bbox 1194 2324 1314 2373; x_wconf 92' lang='lat' dir='ltr'>meum</span> 
     </span>
     <span class='ocr_line' id='line_1_16' title="bbox 229 2423 924 2522; baseline 0.001 -27"><span class='ocrx_word' id='word_1_98' title='bbox 229 2423 352 2496; x_wconf 92' lang='lat' dir='ltr'>Domo</span> <span class='ocrx_word' id='word_1_99' title='bbox 379 2434 449 2497; x_wconf 90' lang='lat' dir='ltr'>tuae</span> <span class='ocrx_word' id='word_1_100' title='bbox 475 2424 630 2522; x_wconf 90' lang='lat' dir='ltr'>suppilas</span> <span class='ocrx_word' id='word_1_101' title='bbox 656 2424 769 2508; x_wconf 86' lang='lat' dir='ltr'>uxori,</span> <span class='ocrx_word' id='word_1_102' title='bbox 796 2437 833 2496; x_wconf 92' lang='lat' dir='ltr'>et</span> <span class='ocrx_word' id='word_1_103' title='bbox 853 2435 924 2499; x_wconf 88' lang='lat' dir='ltr'>tuae</span> 
     </span>
    </p>
   </div>
   <div class='ocr_carea' id='block_1_3' title="bbox 127 2537 1313 3156">
    <p class='ocr_par' dir='ltr' id='par_1_3' title="bbox 230 2537 1109 2646">
     <span class='ocr_line' id='line_1_17' title="bbox 230 2537 1109 2646; baseline -0.001 -25"><span class='ocrx_word' id='word_1_104' title='bbox 230 2537 386 2646; x_wconf 79' lang='lat' dir='ltr'>Degeris</span> <span class='ocrx_word' id='word_1_105' title='bbox 411 2550 551 2623; x_wconf 84' lang='lat' dir='ltr'>amicae!</span> <span class='ocrx_word' id='word_1_106' title='bbox 588 2547 701 2622; x_wconf 84' lang='lat' dir='ltr'>Satin’</span> <span class='ocrx_word' id='word_1_107' title='bbox 726 2546 800 2621; x_wconf 90' lang='lat' dir='ltr'>haec</span> <span class='ocrx_word' id='word_1_108' title='bbox 824 2561 919 2622; x_wconf 92' lang='lat' dir='ltr'>recte</span> <span class='ocrx_word' id='word_1_109' title='bbox 943 2548 1109 2623; x_wconf 86' lang='lat' dir='ltr'>fabulor?</span> 
     </span>
    </p>

    <p class='ocr_par' dir='ltr' id='par_1_4' title="bbox 127 2671 1313 3156">
     <span class='ocr_line' id='line_1_18' title="bbox 127 2671 1312 2768; baseline -0.003 -20"><span class='ocrx_word' id='word_1_110' title='bbox 127 2675 216 2748; x_wconf 82' lang='grc' dir='ltr'>ΜΕ.</span> <span class='ocrx_word' id='word_1_111' title='bbox 229 2672 360 2759; x_wconf 84' lang='lat' dir='ltr'>Quaeso</span> <span class='ocrx_word' id='word_1_112' title='bbox 386 2671 512 2759; x_wconf 88' lang='lat' dir='ltr'>hercle,</span> <span class='ocrx_word' id='word_1_113' title='bbox 538 2673 677 2758; x_wconf 90' lang='lat' dir='ltr'>mulier,</span> <span class='ocrx_word' id='word_1_114' title='bbox 703 2675 733 2747; x_wconf 90' lang='lat' dir='ltr'>si</span> <span class='ocrx_word' id='word_1_115' title='bbox 759 2674 837 2758; x_wconf 90' lang='lat' dir='ltr'>scis,</span> <span class='ocrx_word' id='word_1_116' title='bbox 864 2684 1031 2755; x_wconf 86' lang='lat' dir='ltr'>monstra,</span> <span class='ocrx_word' id='word_1_117' title='bbox 1064 2671 1159 2768; x_wconf 92' lang='lat' dir='ltr'>quod</span> <span class='ocrx_word' id='word_1_118' title='bbox 1183 2673 1312 2757; x_wconf 86' lang='lat' dir='ltr'>bibam,</span> 
     </span>
     <span class='ocr_line' id='line_1_19' title="bbox 229 2797 1313 2900; baseline -0.009 -25"><span class='ocrx_word' id='word_1_119' title='bbox 229 2802 347 2875; x_wconf 88' lang='lat' dir='ltr'>Tuam</span> <span class='ocrx_word' id='word_1_120' title='bbox 373 2803 434 2897; x_wconf 91' lang='lat' dir='ltr'>qui</span> <span class='ocrx_word' id='word_1_121' title='bbox 459 2803 589 2899; x_wconf 87' lang='lat' dir='ltr'>possim</span> <span class='ocrx_word' id='word_1_122' title='bbox 615 2804 753 2900; x_wconf 90' lang='lat' dir='ltr'>perpeti</span> <span class='ocrx_word' id='word_1_123' title='bbox 778 2797 1036 2899; x_wconf 83' lang='lat' dir='ltr'>petulantiam!</span> <span class='ocrx_word' id='word_1_124' title='bbox 1256 2807 1313 2866; x_wconf 81' lang='lat'>645</span> 
     </span>
     <span class='ocr_line' id='line_1_20' title="bbox 230 2922 1076 3011; baseline -0.001 -14"><span class='ocrx_word' id='word_1_125' title='bbox 230 2924 349 3011; x_wconf 87' lang='lat' dir='ltr'>Quem</span> <span class='ocrx_word' id='word_1_126' title='bbox 376 2935 418 2997; x_wconf 93' lang='lat' dir='ltr'>tu</span> <span class='ocrx_word' id='word_1_127' title='bbox 442 2922 622 2998; x_wconf 92' lang='lat' dir='ltr'>hominem</span> <span class='ocrx_word' id='word_1_128' title='bbox 649 2952 705 2999; x_wconf 93' lang='lat' dir='ltr'>me</span> <span class='ocrx_word' id='word_1_129' title='bbox 731 2927 911 3009; x_wconf 86' lang='lat' dir='ltr'>arbitrare,</span> <span class='ocrx_word' id='word_1_130' title='bbox 936 2925 1076 3009; x_wconf 84' lang='lat' dir='ltr'>uesci03</span> 
     </span>
     <span class='ocr_line' id='line_1_21' title="bbox 230 3050 976 3156; baseline -0.004 -34"><span class='ocrx_word' id='word_1_131' title='bbox 230 3050 312 3150; x_wconf 87' lang='lat' dir='ltr'>Ego</span> <span class='ocrx_word' id='word_1_132' title='bbox 338 3063 374 3125; x_wconf 95' lang='lat' dir='ltr'>te</span> <span class='ocrx_word' id='word_1_133' title='bbox 398 3050 626 3156; x_wconf 23' lang='lat' dir='ltr'>simui-tnfflnovi</span> <span class='ocrx_word' id='word_1_134' title='bbox 652 3078 733 3126; x_wconf 91' lang='lat' dir='ltr'>cum</span> <span class='ocrx_word' id='word_1_135' title='bbox 758 3050 976 3124; x_wconf 88' lang='lat' dir='ltr'>Parthaone.</span> 
     </span>
    </p>
   </div>
   <div class='ocr_carea' id='block_1_4' title="bbox 126 3241 1316 3385">
    <p class='ocr_par' dir='ltr' id='par_1_5' title="bbox 126 3241 1316 3385">
     <span class='ocr_line' id='line_1_22' title="bbox 126 3241 1316 3312; baseline -0.013 -9"><span class='ocrx_word' id='word_1_136' title='bbox 126 3269 148 3302; x_wconf 81' lang='lat' dir='ltr'>v.</span> <span class='ocrx_word' id='word_1_137' title='bbox 163 3241 220 3302; x_wconf 74' lang='lat' dir='ltr'>ssa.</span> <span class='ocrx_word' id='word_1_138' title='bbox 242 3251 351 3307; x_wconf 68' lang='lat' dir='ltr'>samaa,</span> <span class='ocrx_word' id='word_1_139' title='bbox 366 3249 457 3308; x_wconf 60' lang='lat' dir='ltr'>steyn.</span> <span class='ocrx_word' id='word_1_140' title='bbox 475 3250 565 3312; x_wconf 73' lang='lat' dir='ltr'>[supra</span> <span class='ocrx_word' id='word_1_141' title='bbox 579 3250 644 3310; x_wconf 70' lang='grc'><strong>666]</strong></span> <span class='ocrx_word' id='word_1_142' title='bbox 681 3250 734 3298; x_wconf 84' lang='lat' dir='ltr'>sss.</span> <span class='ocrx_word' id='word_1_143' title='bbox 751 3249 799 3306; x_wconf 74' lang='lat' dir='ltr'>Me,</span> <span class='ocrx_word' id='word_1_144' title='bbox 814 3256 838 3295; x_wconf 76' lang='lat' dir='ltr'>a</span> <span class='ocrx_word' id='word_1_145' title='bbox 851 3263 907 3305; x_wconf 67' lang='lat' dir='ltr'>rem,</span> <span class='ocrx_word' id='word_1_146' title='bbox 922 3258 970 3294; x_wconf 75' lang='lat' dir='ltr'>non</span> <span class='ocrx_word' id='word_1_147' title='bbox 985 3246 1127 3306; x_wconf 76' lang='lat' dir='ltr'>liquescunt.</span> <span class='ocrx_word' id='word_1_148' title='bbox 1163 3244 1217 3292; x_wconf 80' lang='grc'><strong>646.</strong></span> <span class='ocrx_word' id='word_1_149' title='bbox 1233 3244 1277 3300; x_wconf 74' lang='lat' dir='ltr'>ra,</span> <span class='ocrx_word' id='word_1_150' title='bbox 1291 3251 1316 3290; x_wconf 76' lang='lat' dir='ltr'>a</span> 
     </span>
     <span class='ocr_line' id='line_1_23' title="bbox 589 3325 850 3385; baseline -0.008 -12"><span class='ocrx_word' id='word_1_151' title='bbox 589 3343 630 3384; x_wconf 83' lang='lat' dir='ltr'>me,</span> <span class='ocrx_word' id='word_1_152' title='bbox 645 3342 692 3374; x_wconf 91' lang='lat' dir='ltr'>non</span> <span class='ocrx_word' id='word_1_153' title='bbox 707 3325 850 3385; x_wconf 84' lang='lat' dir='ltr'>liquescunt.</span> 
     </span>
    </p>
   </div>
   <div class='ocr_carea' id='block_1_5' title="bbox 166 3499 1314 3586">
    <p class='ocr_par' dir='ltr' id='par_1_6' title="bbox 166 3499 1314 3586">
     <span class='ocr_line' id='line_1_24' title="bbox 166 3499 1314 3586; baseline -0.016 -14"><span class='ocrx_word' id='word_1_154' title='bbox 166 3511 235 3572; x_wconf 88' lang='grc'><strong>635.</strong></span> <span class='ocrx_word' id='word_1_155' title='bbox 259 3506 694 3586; x_wconf 80' lang='lat' dir='ltr'>Concinaandam.]Supra333.</span> <span class='ocrx_word' id='word_1_156' title='bbox 745 3512 846 3562; x_wconf 88' lang='lat' dir='ltr'>menta</span> <span class='ocrx_word' id='word_1_157' title='bbox 859 3502 940 3572; x_wconf 82' lang='lat' dir='ltr'>dant,</span> <span class='ocrx_word' id='word_1_158' title='bbox 956 3502 1067 3579; x_wconf 83' lang='lat' dir='ltr'>quibus</span> <span class='ocrx_word' id='word_1_159' title='bbox 1078 3499 1145 3577; x_wconf 90' lang='lat' dir='ltr'>quis</span> <span class='ocrx_word' id='word_1_160' title='bbox 1155 3499 1249 3577; x_wconf 90' lang='lat' dir='ltr'>epotis</span> <span class='ocrx_word' id='word_1_161' title='bbox 1262 3507 1314 3555; x_wconf 91' lang='lat' dir='ltr'>aut</span> 
     </span>
    </p>
   </div>
   <div class='ocr_carea' id='block_1_6' title="bbox 125 3601 1314 3792">
    <p class='ocr_par' dir='ltr' id='par_1_7' title="bbox 125 3601 1314 3792">
     <span class='ocr_line' id='line_1_25' title="bbox 165 3601 1312 3696; baseline -0.02 -22"><span class='ocrx_word' id='word_1_162' title='bbox 165 3621 233 3691; x_wconf 83' lang='lat'><strong>639.</strong></span> <span class='ocrx_word' id='word_1_163' title='bbox 276 3617 376 3696; x_wconf 68' lang='lat' dir='ltr'>Rem]</span> <span class='ocrx_word' id='word_1_164' title='bbox 417 3617 601 3677; x_wconf 54' lang='lat' dir='ltr'>‘occasiost’</span> <span class='ocrx_word' id='word_1_165' title='bbox 622 3655 625 3678; x_wconf 74' lang='grc'><strong>,</strong></span> <span class='ocrx_word' id='word_1_166' title='bbox 636 3617 695 3674; x_wconf 59' lang='lat' dir='ltr'>Res</span> <span class='ocrx_word' id='word_1_167' title='bbox 745 3621 895 3660; x_wconf 85' lang='lat' dir='ltr'>venenum</span> <span class='ocrx_word' id='word_1_168' title='bbox 918 3601 1041 3677; x_wconf 92' lang='lat' dir='ltr'>impune</span> <span class='ocrx_word' id='word_1_169' title='bbox 1068 3616 1184 3656; x_wconf 89' lang='lat' dir='ltr'>sumere</span> <span class='ocrx_word' id='word_1_170' title='bbox 1205 3605 1312 3674; x_wconf 87' lang='lat' dir='ltr'>potest,</span> 
     </span>
     <span class='ocr_line' id='line_1_26' title="bbox 125 3690 1314 3792; baseline -0.018 -24"><span class='ocrx_word' id='word_1_171' title='bbox 125 3716 169 3775; x_wconf 71' lang='lat' dir='ltr'>ita</span> <span class='ocrx_word' id='word_1_172' title='bbox 186 3712 326 3792; x_wconf 79' lang='lat' dir='ltr'>postulat.</span> <span class='ocrx_word' id='word_1_173' title='bbox 354 3711 454 3770; x_wconf 66' lang='lat' dir='ltr'>Intelt</span> <span class='ocrx_word' id='word_1_174' title='bbox 474 3710 560 3788; x_wconf 79' lang='lat' dir='ltr'>Opus</span> <span class='ocrx_word' id='word_1_175' title='bbox 580 3729 643 3768; x_wconf 67' lang='lat' dir='ltr'>esse</span> <span class='ocrx_word' id='word_1_176' title='bbox 661 3722 695 3769; x_wconf 71' lang='lat' dir='ltr'>ut</span> <span class='ocrx_word' id='word_1_177' title='bbox 745 3706 797 3753; x_wconf 85' lang='lat' dir='ltr'>aut</span> <span class='ocrx_word' id='word_1_178' title='bbox 814 3696 877 3774; x_wconf 88' lang='lat' dir='ltr'>jam</span> <span class='ocrx_word' id='word_1_179' title='bbox 898 3703 1030 3752; x_wconf 90' lang='lat' dir='ltr'>sumtum</span> <span class='ocrx_word' id='word_1_180' title='bbox 1049 3693 1182 3751; x_wconf 84' lang='lat' dir='ltr'>tolerare.</span> <span class='ocrx_word' id='word_1_181' title='bbox 1210 3690 1314 3747; x_wconf 64' lang='lat' dir='ltr'>Laus.</span> 
     </span>
    </p>
   </div>
   <div class='ocr_carea' id='block_1_7' title="bbox 124 3806 1315 4377">
    <p class='ocr_par' dir='ltr' id='par_1_8' title="bbox 125 3806 1314 3900">
     <span class='ocr_line' id='line_1_27' title="bbox 125 3806 1314 3900; baseline -0.006 -18"><span class='ocrx_word' id='word_1_182' title='bbox 125 3810 234 3868; x_wconf 78' lang='lat' dir='ltr'>adme</span> <span class='ocrx_word' id='word_1_183' title='bbox 255 3806 361 3865; x_wconf 73' lang='lat' dir='ltr'>venas</span> <span class='ocrx_word' id='word_1_184' title='bbox 785 3822 852 3888; x_wconf 77' lang='lat' dir='ltr'>sn.</span> <span class='ocrx_word' id='word_1_185' title='bbox 899 3820 1034 3900; x_wconf 65' lang='lat' dir='ltr'>seara]</span> <span class='ocrx_word' id='word_1_186' title='bbox 1089 3822 1129 3879; x_wconf 83' lang='lat' dir='ltr'>u.</span> <span class='ocrx_word' id='word_1_187' title='bbox 1148 3841 1173 3878; x_wconf 72' lang='lat' dir='ltr'>e.</span> <span class='ocrx_word' id='word_1_188' title='bbox 1218 3819 1314 3878; x_wconf 74' lang='lat' dir='ltr'>simu</span> 
     </span>
    </p>

    <p class='ocr_par' dir='ltr' id='par_1_9' title="bbox 124 3912 1315 4377">
     <span class='ocr_line' id='line_1_28' title="bbox 168 3912 1313 3998; baseline -0.01 -18"><span class='ocrx_word' id='word_1_189' title='bbox 168 3921 235 3980; x_wconf 76' lang='lat'><em>644.</em></span> <span class='ocrx_word' id='word_1_190' title='bbox 260 3917 604 3998; x_wconf 71' lang='lat' dir='ltr'>Monstraquodba&#39;bam]</span> <span class='ocrx_word' id='word_1_191' title='bbox 616 3918 696 3976; x_wconf 88' lang='lat' dir='ltr'>‘Tell</span> <span class='ocrx_word' id='word_1_192' title='bbox 745 3915 816 3973; x_wconf 84' lang='lat' dir='ltr'>novi</span> <span class='ocrx_word' id='word_1_193' title='bbox 828 3935 896 3974; x_wconf 90' lang='lat' dir='ltr'>cum</span> <span class='ocrx_word' id='word_1_194' title='bbox 907 3915 1073 3974; x_wconf 78' lang='lat' dir='ltr'>Porthaone</span> <span class='ocrx_word' id='word_1_195' title='bbox 1079 3937 1089 3984; x_wconf 80' lang='lat'>3</span> <span class='ocrx_word' id='word_1_196' title='bbox 1102 3915 1172 3971; x_wconf 91' lang='lat' dir='ltr'>Non</span> <span class='ocrx_word' id='word_1_197' title='bbox 1180 3912 1275 3989; x_wconf 84' lang='lat' dir='ltr'>magis</span> <span class='ocrx_word' id='word_1_198' title='bbox 1283 3924 1313 3970; x_wconf 91' lang='lat' dir='ltr'>te</span> 
     </span>
     <span class='ocr_line' id='line_1_29' title="bbox 125 4006 1315 4091; baseline -0.007 -17"><span class='ocrx_word' id='word_1_199' title='bbox 125 4035 175 4074; x_wconf 90' lang='lat' dir='ltr'>me</span> <span class='ocrx_word' id='word_1_200' title='bbox 189 4015 225 4072; x_wconf 88' lang='lat' dir='ltr'>of</span> <span class='ocrx_word' id='word_1_201' title='bbox 234 4033 316 4072; x_wconf 89' lang='lat' dir='ltr'>some</span> <span class='ocrx_word' id='word_1_202' title='bbox 329 4011 478 4071; x_wconf 71' lang='lat' dir='ltr'>antidote!</span> <span class='ocrx_word' id='word_1_203' title='bbox 496 4023 501 4030; x_wconf 90' lang='lat'>&#39;</span> <span class='ocrx_word' id='word_1_204' title='bbox 518 4013 601 4072; x_wconf 89' lang='lat' dir='ltr'>Doce</span> <span class='ocrx_word' id='word_1_205' title='bbox 615 4013 696 4091; x_wconf 93' lang='lat' dir='ltr'>quod</span> <span class='ocrx_word' id='word_1_206' title='bbox 745 4014 817 4071; x_wconf 91' lang='lat' dir='ltr'>novi</span> <span class='ocrx_word' id='word_1_207' title='bbox 841 4031 931 4089; x_wconf 84' lang='lat' dir='ltr'>quam</span> <span class='ocrx_word' id='word_1_208' title='bbox 957 4011 1135 4079; x_wconf 85' lang='lat' dir='ltr'>Parthaona,</span> <span class='ocrx_word' id='word_1_209' title='bbox 1162 4006 1315 4068; x_wconf 84' lang='lat' dir='ltr'>Deianirae</span> 
     </span>
     <span class='ocr_line' id='line_1_30' title="bbox 125 4108 1313 4186; baseline -0.003 -17"><span class='ocrx_word' id='word_1_210' title='bbox 125 4109 360 4170; x_wconf 80' lang='lat' dir='ltr'>medicamentum</span> <span class='ocrx_word' id='word_1_211' title='bbox 387 4108 497 4176; x_wconf 90' lang='lat' dir='ltr'>bibam,</span> <span class='ocrx_word' id='word_1_212' title='bbox 526 4129 587 4186; x_wconf 95' lang='lat' dir='ltr'>quo</span> <span class='ocrx_word' id='word_1_213' title='bbox 611 4119 693 4168; x_wconf 86' lang='lat' dir='ltr'>tuam</span> <span class='ocrx_word' id='word_1_214' title='bbox 744 4130 842 4168; x_wconf 84' lang='lat' dir='ltr'>avum.</span> <span class='ocrx_word' id='word_1_215' title='bbox 879 4109 928 4168; x_wconf 87' lang='lat' dir='ltr'>Sic</span> <span class='ocrx_word' id='word_1_216' title='bbox 946 4129 1015 4166; x_wconf 83' lang='lat' dir='ltr'>mox</span> <span class='ocrx_word' id='word_1_217' title='bbox 1034 4110 1100 4168; x_wconf 86' lang='lat'><strong>650.</strong></span> <span class='ocrx_word' id='word_1_218' title='bbox 1141 4108 1313 4186; x_wconf 90' lang='lat' dir='ltr'>Utrumque</span> 
     </span>
     <span class='ocr_line' id='line_1_31' title="bbox 124 4205 1312 4285; baseline 0 -19"><span class='ocrx_word' id='word_1_219' title='bbox 124 4205 364 4266; x_wconf 84' lang='lat' dir='ltr'>maledicentiam</span> <span class='ocrx_word' id='word_1_220' title='bbox 401 4205 533 4281; x_wconf 87' lang='lat' dir='ltr'>perferre</span> <span class='ocrx_word' id='word_1_221' title='bbox 574 4205 694 4282; x_wconf 87' lang='lat' dir='ltr'>possim.</span> <span class='ocrx_word' id='word_1_222' title='bbox 745 4208 824 4266; x_wconf 86' lang='lat' dir='ltr'>valet</span> <span class='ocrx_word' id='word_1_223' title='bbox 847 4207 888 4264; x_wconf 89' lang='lat' dir='ltr'>id.</span> <span class='ocrx_word' id='word_1_224' title='bbox 911 4207 1001 4284; x_wconf 73' lang='lat' dir='ltr'>quod</span> <span class='ocrx_word' id='word_1_225' title='bbox 1029 4207 1139 4284; x_wconf 90' lang='lat' dir='ltr'>Neque</span> <span class='ocrx_word' id='word_1_226' title='bbox 1160 4213 1187 4264; x_wconf 89' lang='lat' dir='ltr'>te</span> <span class='ocrx_word' id='word_1_227' title='bbox 1214 4228 1312 4285; x_wconf 89' lang='lat' dir='ltr'>neque</span> 
     </span>
     <span class='ocr_line' id='line_1_32' title="bbox 127 4297 1055 4377; baseline 0.001 -18"><span class='ocrx_word' id='word_1_228' title='bbox 127 4298 283 4377; x_wconf 81' lang='lat' dir='ltr'>Allegoria</span> <span class='ocrx_word' id='word_1_229' title='bbox 300 4319 317 4356; x_wconf 88' lang='lat' dir='ltr'>a</span> <span class='ocrx_word' id='word_1_230' title='bbox 334 4297 456 4355; x_wconf 89' lang='lat' dir='ltr'>medicis</span> <span class='ocrx_word' id='word_1_231' title='bbox 465 4320 474 4368; x_wconf 91' lang='lat'>;</span> <span class='ocrx_word' id='word_1_232' title='bbox 498 4299 549 4375; x_wconf 92' lang='lat' dir='ltr'>qui</span> <span class='ocrx_word' id='word_1_233' title='bbox 566 4297 694 4356; x_wconf 87' lang='lat' dir='ltr'>medica·</span> <span class='ocrx_word' id='word_1_234' title='bbox 745 4304 815 4362; x_wconf 78' lang='lat' dir='ltr'>istos</span> <span class='ocrx_word' id='word_1_235' title='bbox 836 4305 955 4362; x_wconf 87' lang='lat' dir='ltr'>omnino</span> <span class='ocrx_word' id='word_1_236' title='bbox 975 4305 1055 4362; x_wconf 90' lang='lat' dir='ltr'>novi.</span> 
     </span>
    </p>
   </div>
   <div class='ocr_carea' id='block_1_8' title="bbox 0 0 1546 5017">
    <p class='ocr_par' dir='ltr' id='par_1_10' title="bbox 0 0 1546 5017">
     <span class='ocr_line' id='line_1_33' title="bbox 0 0 1546 5017; baseline 0 2"><span class='ocrx_word' id='word_1_237' title='bbox 0 0 1546 5017; x_wconf 95' lang='lat' dir='ltr'> </span> 
     </span>
    </p>
   </div>
  </div>
 </body>
</html>
