3084 5017
489 477 539 540 ns
568 475 894 547 mennonium.
1194 473 1261 558 157

112 668 199 726 intro.
211 669 250 726 G.
263 668 413 748 Numquid
425 689 472 728 me
484 672 551 728 uis?
585 673 619 729 L.
632 671 676 732 Ut
688 673 818 732 Valeas?
853 671 985 732 Additur
998 671 1158 749 aliquando
1171 669 1262 740 aliod,

111 789 164 837 sut
180 780 242 838 tale
264 780 346 858 quid.
362 781 452 859 Epid.
466 789 532 842 501.
562 783 596 841 F.
613 784 802 862 “Numquid
824 803 873 844 me
886 784 931 843 vis
953 783 1100 842 ceterum?
1135 783 1167 842 P.
1182 782 1263 842 Malo

111 890 248 950 cruciatu
268 902 304 950 ut
322 913 435 974 wreus,
456 903 547 972 atque
567 893 654 953 abeas
675 895 773 955 cito!”

158 1077 229 1128 243.
277 1059 534 1151 Adcumbere.]
576 1069 675 1150 Supra
691 1078 754 1130 142.
795 1070 873 1130 vide
892 1071 926 1129 in
944 1070 1030 1130 Non.

160 1267 230 1318 244.
277 1249 461 1344 Volcani]
504 1259 574 1320 Tne
588 1259 667 1343 fine.
708 1263 784 1320 Hor.
797 1261 996 1328 Saluti.
1031 1261 1118 1320 “Per
1131 1271 1262 1322 veterem

109 1373 230 1450 dilapso
256 1373 386 1432 culinam
413 1373 567 1433 Vulcano.”
621 1376 691 1434 Juv.
717 1374 779 1434 Sat.
801 1373 876 1433 VII.
898 1382 945 1434 25.
1000 1373 1116 1432 “Dona
1143 1371 1262 1431 Veneris

109 1483 273 1550 Marito;”
304 1484 454 1563 (proIgni
473 1485 606 1565 impone.)
656 1488 696 1546 Et
717 1486 780 1546 Sat.
802 1489 840 1544 X.
863 1494 928 1547 132.
969 1487 1110 1547 “Incnde
1128 1498 1158 1547 et
1180 1487 1261 1545 luteo

113 1597 271 1657 Vulcano?
324 1598 435 1657 Noster
456 1599 568 1678 Amph.
592 1607 657 1660 185.
708 1599 894 1672 “Volcanum
916 1599 949 1658 in
971 1619 1064 1658 cornu
1088 1600 1261 1659 conclusum

107 1714 219 1791 geris.'’
254 1712 298 1788 (A
311 1712 449 1793 laniem.)
482 1713 553 1772 Aul.
568 1721 634 1774 313.
672 1713 891 1792 “Quamquam
909 1712 1033 1773 Volcano
1046 1713 1173 1772 studes”
1193 1715 1246 1772 &a

157 1890 227 1952 249·
275 1874 505 1949 Meretricem
532 1873 746 1969 mulierem]
789 1887 866 1946 Vide
887 1887 986 1966 Supra
1007 1897 1072 1956 178.

157 2070 225 2123 251.
275 2053 380 2148 Qul.]
412 2043 508 2125 How.
531 2068 630 2146 Supra
641 2075 688 2128 84.
711 2066 858 2132 Quidum?
880 2068 995 2127 Passim
1008 2067 1089 2146 apud
1102 2068 1259 2126 Nostrum.

155 2249 225 2301 255.
274 2233 443 2322 Quolatls
471 2238 549 2329 Sil]
616 2243 727 2306 Wliosa
761 2245 790 2305 il
821 2243 860 2304 is.
920 2247 980 2306 Pro
1002 2247 1142 2328 Cujatis;
1164 2249 1259 2309 Sensu

106 2357 245 2436 paullum
271 2357 460 2418 inusitatiori.
510 2359 598 2419 Cure.
619 2367 685 2420 404.
736 2359 850 2431 “Quid
872 2381 942 2420 eum
965 2380 1047 2420 nnnc
1070 2362 1188 2439 quoeris,
1208 2374 1261 2421 sut

107 2468 267 2549 cujatis?”
302 2471 427 2547 (Whose
440 2473 539 2532 friend
552 2493 601 2531 ure
615 2471 710 2552 you?)
751 2473 834 2532 Alibi
851 2473 944 2553 anas
958 2483 1012 2544 est,
1027 2475 1112 2552 enjus
1126 2474 1259 2554 patria?

107 2583 170 2662 (of
183 2585 267 2643 what
284 2586 446 2666 countryi)
486 2585 529 2645 Ut
543 2585 678 2656 Nostros,
694 2587 745 2661 (of
754 2606 809 2645 our
824 2596 950 2664 country
958 2585 983 2665 ς)
1003 2595 1033 2645 et
1046 2585 1143 2644 simill.

155 2756 226 2817 256.
274 2744 458 2839 Postilla]
515 2755 610 2836 Upon
635 2755 715 2817 inat.
770 2759 854 2817 Infra
875 2766 941 2825 587·
966 2765 1051 2817 1015.
1105 2758 1177 2816 Pon
1196 2757 1258 2832 itta,

106 2881 221 2950 posteo.
269 2871 363 2948 Apud
380 2871 516 2930 Comicos
532 2871 684 2949 praecipue
706 2870 844 2929 occurrit.
891 2869 958 2928 Ter.
976 2868 1072 2926 Andr.
1092 2868 1128 2925 V.
1147 2888 1191 2927 1v.
1209 2878 1257 2929 33.

108 2980 263 3040 “Postilla
281 3001 362 3040 nunc
376 2982 509 3060 primum
521 2981 637 3041 audio.''
678 2981 798 3039 Phorm.
813 2979 856 3036 ΙΙ.
871 2999 904 3037 11.
919 2986 965 3039 83.
1006 2987 1026 3013 “
1034 2977 1157 3037 Postilla
1171 2980 1258 3040 ludas

107 3094 208 3153 licet.”
249 3093 359 3152 Heaut.
374 3094 434 3152 ΙΙΙ.
450 3113 471 3152 1.
491 3101 537 3153 38.
578 3092 731 3151 “Postilla
749 3091 842 3169 coepit
859 3090 973 3150 victum
991 3090 1080 3167 volgo
1099 3093 1257 3168 quaerere.’'

107 3205 223 3266 Noster
244 3204 364 3264 curcul.
379 3214 445 3265 524.
487 3204 681 3282 “Nunquam
697 3202 817 3282 postilla
838 3201 927 3261 vidi?
948 3204 1002 3262 &e

168 3412 220 3423 -
275 3363 556 3463 Adglutinant.]
598 3371 693 3436 Sticlc
710 3378 742 3434 to
758 3373 844 3434 llam
859 3373 924 3435 nne
935 3374 1023 3452 glun.
1065 3377 1176 3437 Cistell.
1190 3385 1257 3446 370.

110 3487 191 3546 “Ad
204 3508 253 3547 me
263 3488 500 3567 adglutinandam
515 3499 607 3548 totam
621 3490 775 3550 decretum
792 3501 838 3549 est
855 3490 952 3550 dure.”
993 3491 1189 3551 Homericum
1202 3500 1257 3560 est,

103 3600 250 3683 Ἔχεσθαι
270 3601 478 3679 increpuerat,
501 3602 548 3660 ΙΙ..
563 3602 588 3658 I.
603 3608 668 3661 513.

157 3776 226 3836 257.
274 3757 540 3852 Pellexel'unl.]
582 3770 701 3830 Pallicio
718 3783 749 3832 et
765 3772 853 3833 illicia
869 3775 990 3852 proprie
1008 3775 1047 3834 de
1064 3775 1177 3834 artibus
1194 3794 1256 3832 me-

105 3883 236 3945 retriciis
258 3883 417 3954 dicuntur3
448 3884 509 3960 (Ta
526 3883 633 3964 decep.)
666 3883 749 3943 Asin.
771 3893 835 3954 19⁰·
877 3883 1005 3955 “Quom
1020 3883 1168 3943 inliciebas
1181 3885 1256 3943 me.''

106 3999 260 4056 Caeterum
276 3996 441 4055 notandum
457 3996 538 4060 idem
556 3996 665 4055 distare
681 3996 759 4054 inter
774 3993 889 4074 pellicio
909 4005 940 4053 et
958 3993 1055 4064 illicia,
1077 3996 1159 4073 quad
1178 3996 1256 4055 inter

101 4107 269 4186 persuadeo
283 4116 314 4165 et
330 4107 444 4176 suadeo,
463 4117 498 4165 ut
513 4108 570 4166 hoc
588 4106 626 4164 sit
644 4104 799 4166 ‘inducere
813 4108 943 4176 tentare‚’
963 4105 1023 4185 (To
1035 4105 1161 4186 allum)
1180 4106 1255 4165 illud

104 4220 299 4298 plerumque,
315 4217 365 4294 (ut
375 4219 433 4277 hoc
446 4218 525 4295 loeo)
547 4217 710 4276 ‘illecebris
722 4217 905 4295 perducere,’
927 4216 997 4276 ‘vati
1010 4225 1158 4296 compotem
1173 4218 1256 4290 fieri‚'

107 4329 170 4408 (Ta
188 4327 316 4408 sednon.)
356 4329 438 4388 Hinc
457 4327 579 4387 Pellices
597 4327 737 4388 dicuntur
757 4328 815 4388 hoe
834 4347 929 4406 genus
949 4330 1117 4390 mulierum.
