3084 5017
630 478 678 540 Μ.
700 478 741 542 Ἀ.
767 479 945 542 PLAU'l'I

311 668 373 751 Ei.
385 667 574 775 derepente
598 689 720 752 tantus
743 679 882 751 morbus
904 677 1051 751 incidit!

310 803 386 886 Ibo,
401 811 506 899 atque
522 827 695 908 arcessam.
705 803 880 876 medicum
893 805 969 898 jam
986 812 1159 899 quantum
1173 811 1300 900 potest.
1325 816 1383 876 775

212 928 297 1001 ME.
309 927 439 1002 Jemue
463 929 524 1001 isti
550 906 723 1012 abierunt,
749 953 875 1025 quaeso,
901 954 945 1002 ex
970 939 1155 1025 conspeetu
1179 951 1269 1010 meo,

255 1102 258 1107 <
309 1053 386 1140 Qui
410 1079 467 1128 me
492 1056 528 1126 vi
552 1067 693 1153 eogunt,
716 1066 758 1127 ut
782 1054 919 1128 validus
943 1055 1141 1128 insaniam?

308 1178 411 1265 Quid
432 1204 525 1253 nesso
550 1181 644 1252 abire
669 1180 716 1253 ad
738 1180 868 1264 navim,
892 1179 977 1252 du'm
1003 1178 1097 1251 salvo
1118 1177 1231 1254 lieet?

308 1304 453 1401 Vosque
475 1306 588 1378 omnis
613 1330 739 1403 quaeso,
764 1306 793 1378 si
818 1329 925 1380 senex
949 1306 1131 1390 revenerit,
1301 1386 1305 1393 ¹

307 1429 366 1504 Ne
391 1456 447 1502 me
470 1431 643 1516 indicetis,
669 1457 738 1528 qua
759 1432 878 1530 platea
902 1429 986 1503 hinc
1011 1429 1217 1527 aufugerim.
1323 1444 1381 1502 780

674 1723 904 1732 *—

541 1924 661 2000 ACT.
689 1927 738 1998 V.
803 1924 981 2002 SCENA
1009 1927 1040 1999 1.

731 2143 855 2192 anEx.

305 2290 441 2363 Lumbi
467 2290 629 2375 sedendo,
655 2290 747 2364 oculi
771 2290 1005 2389 exspectando
1030 2289 1164 2373 dolent,

305 2414 488 2490 Manendo
513 2417 699 2502 medicum,
724 2416 807 2490 dum
834 2444 872 2492 se
895 2444 940 2492 ex
962 2442 1062 2516 opere
1087 2418 1243 2516 recipiat.

206 2644 210 2655 .
264 2629 287 2659 v.
301 2613 353 2660 774.
372 2612 411 2668 Ei,
430 2611 555 2670 monosyll.
572 2611 649 2675 [Indu
663 2611 729 2673 791.]
763 2614 815 2662 777.
834 2613 866 2661 Ut
883 2614 1000 2660 validm
991 2615 1119 2669 insaniam·
1141 2611 1177 2659 B:
1195 2612 1224 2659 de
1242 2627 1284 2660 suo
1304 2609 1380 2670 dedit,

203 2685 294 2732 validus
310 2693 338 2731 nt
352 2687 477 2732 emnium:
495 2684 542 2732 Sed
559 2697 606 2731 non
621 2683 666 2731 iste
680 2684 808 2733 mutatione
821 2683 876 2732 sads
892 2699 951 2743 opus
966 2699 1017 2733 esse
1031 2683 1131 2732 videtur.
1161 2684 1285 2732 tul-787.
1300 2683 1378 2732 lumb.

206 2758 279 2807 Trim.
294 2759 403 2816 dedendo,
418 2774 466 2807 non
479 2757 536 2807 elid

203 2931 333 2982 metrum
350 2922 413 3000 jum
432 2922 465 2979 in
488 2920 653 2980 iambicum
677 2922 765 2980 Sena-
812 2921 881 3000 joco
893 2921 1030 2999 indulget
1042 2920 1265 3000 Aristophanes,
1285 2922 1378 2981 immo

204 3017 283 3075 rium
305 3036 368 3076 esse
393 3017 556 3096 delapsum,
590 3027 624 3075 ut
650 3018 702 3095 qui
728 3015 767 3075 ed
815 3034 850 3072 ex
867 3014 968 3074 cuneis
980 3014 1192 3092 respondentes
1206 3015 1376 3094 aliquando,

203 3108 371 3167 istiusmodi
388 3109 546 3168 sententias
561 3108 765 3186 exprimendas
814 3108 933 3168 ridiculi
954 3129 1050 3177 causa,
1074 3109 1163 3180 facit3
1194 3131 1219 3168 e.
1229 3130 1259 3187 g.
1284 3111 1375 3190 Vesp.

204 3206 301 3283 aptior
315 3204 362 3273 sit,
381 3223 470 3282 quam
484 3203 639 3263 Trochaici
652 3223 764 3273 versus,
815 3210 861 3268 74.
882 3222 946 3280 sqq.

204 3299 314 3377 quibus
331 3307 399 3356 ante
417 3297 450 3355 in
466 3296 590 3355 motoris
606 3296 663 3355 ista
679 3315 764 3355 scena

204 3394 316 3473 optime
339 3413 411 3452 usus
431 3402 484 3452 est.
522 3390 599 3448 Vide
618 3391 706 3468 plura
725 3390 763 3448 de
815 3458 822 3472 ,
852 3369 917 3427 7⁸¹·
951 3361 1196 3434 Lumblsede'ldffi
1210 3364 1285 3442 etc·]
1314 3364 1376 3425 Hic

203 3488 259 3547 1120
277 3507 318 3556 η,
339 3486 422 3544 lnfm
441 3493 525 3556 913„
813 3459 999 3536 mcrprendus
1015 3460 1111 3519 Actus
1133 3461 1266 3538 quintus,
1287 3463 1375 3541 cujus

812 3551 877 3609 haee
894 3552 985 3630 vulgo
1005 3554 1080 3612 male
1097 3565 1270 3614 numeretur
1288 3575 1375 3616 scena

812 3650 906 3710 tertie
923 3649 1044 3708 Βοτττττ.
1062 3649 1166 3729 (Quod
1172 3652 1288 3730 jamdiu
1298 3654 1375 3714 vidit

812 3745 962 3824 Interpres
980 3745 1194 3827 Britannicus.)
1224 3750 1374 3810 Caeterum

812 3845 913 3904 confer
925 3843 1017 3903 Arist.
1032 3843 1150 3906 Thesm.
1166 3847 1231 3908 stu.

243 3609 309 3672 779.
353 3600 408 3658 Vos
418 3599 534 3679 omnis]
559 3598 762 3676 spectatores,

203 3719 278 3778 quos
292 3698 333 3757 sie
350 3716 563 3775 nonnunquam
578 3716 596 3754 e
609 3714 695 3754 scena
710 3715 762 3772 up-

201 3793 312 3872 pellere
328 3812 393 3850 mos
405 3791 471 3849 fuit
511 3790 621 3851 Confer
633 3789 763 3849 notabile

201 3885 370 3966 exemplum
383 3884 414 3942 in
428 3884 538 3942 Cistell.
552 3891 618 3947 403.
632 3903 697 3962 sqq.

201 3997 217 4018 cr
228 3995 266 4043 Mi
281 3995 395 4052 homines
409 3993 442 4041 mi
455 4000 603 4052 spectatores
618 3993 687 4041 facite
700 3992 760 4041 mdi
811 3972 828 3995 ”
839 3970 922 4017 'Illds
936 3970 1072 4031 γεγένημαι
1089 3974 1243 4032 προσδοκῶν,
1263 3975 1277 4022 ὃ
1294 3977 1315 4023 δ’
1331 3979 1372 4024 οὖ·

273 4071 345 4127 eium,
360 4071 379 4120 si
394 4071 445 4132 quis
459 4071 525 4129 vidit,
867 4043 956 4089 δέῃ’

231 4147 291 4204 Quis
309 4163 361 4197 eam
380 4147 508 4205 abstulerit,
528 4147 580 4207 quis
596 4147 722 4205 sustulerit,
737 4155 761 4196 et
811 4148 851 4206 Et
864 4147 947 4207 Nost
962 4149 1050 4229 Epid
1065 4159 1130 4212 312

189 4265 193 4284 ²
273 4227 350 4269 ’1111111
365 4221 409 4269 ””’
424 4235 454 4268 ”’
469 4221 525 4269 ”””
539 4220 583 4268 ””
596 4219 731 4270 ”””””””
810 4257 1002 4317 “Exspectando
1015 4262 1100 4310 exedor
1112 4261 1180 4311 miser
1194 4270 1264 4323 atque
1276 4275 1371 4316 exente-

200 4314 288 4375 Adde
300 4315 371 4373 Aul
385 4314 450 4381 670.
465 4335 529 4392 sqq.
563 4313 677 4373 Passim
689 4315 759 4374 huie
867 4331 930 4379 ποκ’
982 4371 986 4380 ,
