3084 5017
528 459 577 522 IN
605 460 931 524 MENAECHMEI.
1230 463 1295 532 199

201 669 270 722 883.
313 653 370 729 Eo
387 659 578 756 exemple]
626 665 723 750 After
740 668 814 730 ibat
822 668 985 752 fannion,-
1012 687 1057 730 ea.
1102 665 1214 749 (With
1235 665 1301 732 this

143 783 216 846 rule
241 783 293 847 for
316 807 370 872 my
396 785 521 872 guide.)
569 793 657 854 Valet
674 795 714 853 id.
734 815 786 873 qu.
804 814 836 853 ea
853 794 952 854 made.-
976 805 1007 855 et
1022 815 1102 873 saepe
1120 797 1203 874 apud
1222 796 1299 854 Noe·

145 922 230 970 trum
249 911 306 972 hae
327 912 543 990 significatione
556 915 694 974 occurrit.
736 916 826 995 Epid.
840 915 907 983 657.
948 915 1054 981 “th
1071 917 1133 976 illie
1149 916 1301 975 hodierne
1365 897 1369 905 ’

144 1023 282 1102 exemplis
299 1025 510 1086 ludificatust.”
552 1026 604 1103 (In
622 1027 690 1085 how
711 1047 801 1106 many
822 1030 928 1106 waye)
970 1029 1063 1088 Merc.
1077 1037 1145 1088 222.
1186 1028 1301 1087 “Miris

144 1135 283 1216 exemplis
304 1138 418 1196 somnia
435 1138 467 1196 in
484 1140 594 1198 somnis
616 1138 758 1198 danunt.”
800 1139 905 1216 (Aster
925 1151 1045 1218 strange
1064 1141 1220 1221 fashione.)
1261 1141 1302 1200 Et

145 1249 213 1310 261.
242 1251 385 1310 “Verum
406 1251 446 1309 ad
467 1251 518 1309 doe
543 1251 699 1331 enemplnm
726 1254 909 1329 nunquem.”
936 1253 954 1309 i.
966 1273 991 1311 e.
1014 1253 1045 1309 in
1065 1251 1146 1311 hunc
1169 1252 1301 1311 modum.

146 1362 215 1420 Ter.
233 1361 353 1422 Phorm.
368 1362 422 1420 IV.
438 1383 479 1420 ιν.
494 1371 520 1429 7.
562 1362 634 1422 “Ut
653 1373 683 1422 te
699 1363 734 1420 di
755 1362 841 1421 malie
860 1363 996 1442 exemplis
1014 1364 1182 1442 perdent!”

202 1559 254 1570 -
300 1511 412 1610 Tergi
438 1513 477 1584 in
502 1517 608 1604 rem.]
654 1519 704 1580 To
728 1519 782 1580 tbe
799 1520 937 1582 intereat
959 1518 1000 1602 as
1015 1540 1069 1600 my
1092 1521 1181 1583 back.
1225 1529 1302 1588 Vide

147 1635 246 1712 Supra
259 1632 326 1694 864.
369 1634 438 1692 Ter.
455 1633 713 1693 Phorm.111.111.
729 1643 756 1704 9.
792 1644 812 1670 “
824 1635 899 1711 Ego,
922 1656 990 1714 quae
1009 1635 1039 1693 in
1058 1656 1117 1694 rem
1135 1645 1214 1695 lnam
1233 1639 1302 1709 sint,

147 1770 183 1809 ea
203 1749 296 1808 velim
315 1747 433 1808 facias.”

205 1912 273 1974 890.
321 1895 367 1967 In
391 1893 633 1988 medicinam]
690 1907 740 1966 Sic
761 1904 875 1983 Amph.
896 1913 961 1965 848.
1004 1907 1070 1964 “In
1090 1906 1247 1978 medicinis,
1271 1910 1303 1966 in

146 2017 329 2078 tonstrinis?
359 2017 451 2095 Epid.
467 2025 531 2086 189.
562 2019 649 2076 “Per
663 2016 829 2086 medicinas,
843 2039 898 2096 per
911 2019 1098 2077 tonstrinas.''
1126 2018 1174 2078 Ita
1188 2020 1302 2090 Graece,

147 2131 303 2209 Aristoph.
324 2131 373 2186 Ἐκ
396 2132 453 2186 τῶν
473 2127 581 2208 ὀρνέων.
604 2130 696 2207 (from
710 2129 762 2188 the
776 2128 845 2186 bird
859 2129 963 2208 stalle.)
1003 2131 1088 2213 ssepe*
1108 2132 1173 2187 wie
1194 2133 1303 2212 ἵχθυαε.

146 2241 235 2317 (near
255 2240 308 2300 the
328 2242 383 2300 fish
404 2237 546 2320 market.)
568 2245 621 2302 &e
663 2240 742 2300 Vide
762 2241 850 2299 Nott.

205 2447 257 2458 -
298 2396 503 2492 Sublimis]
554 2411 636 2469 [nfra
650 2417 715 2480 893.
729 2419 797 2480 900.
812 2418 879 2480 950.
908 2409 959 2470 sic
973 2411 1041 2469 Ter.
1055 2411 1114 2470 Ad.
1130 2412 1190 2470 111.
1207 2433 1242 2471 11.
1259 2421 1304 2473 18.

149 2519 334 2579 “Sublimem
357 2523 490 2581 medium
508 2522 680 2601 arriperem,
698 2532 728 2580 et
749 2521 847 2600 capite
867 2543 997 2600 pronum
1015 2524 1046 2582 in
1065 2534 1174 2583 terram
1194 2537 1304 2585 statue-

146 2633 241 2691 rem.''
268 2632 362 2692 Nost:
385 2633 496 2712 Amph.
511 2642 577 2692 201.
606 2633 755 2691 “Faciem
768 2633 858 2691 hodie
871 2645 901 2692 re
914 2633 1090 2712 superbam!
1121 2636 1150 2694 S.
1165 2636 1303 2708 Quonam

146 2742 260 2801 modo?
303 2744 345 2801 M.
368 2742 519 2822 Anserem,
540 2763 600 2801 non
624 2744 729 2811 abibis,
755 2743 780 2800 si
802 2763 859 2820 ego
881 2744 991 2801 fustem
1014 2747 1173 2802 sumsero.”
1213 2745 1304 2805 Adde

147 2877 187 2915 ex
207 2856 318 2914 Lena:
344 2857 428 2914 Asin.
444 2863 510 2916 842.
552 2856 664 2928 “Quin
684 2867 719 2914 tu
738 2856 832 2914 illunc
852 2856 943 2933 jubes
965 2857 1085 2915 ancillas
1104 2879 1209 2937 rapere
1236 2860 1303 2917 enb-

147 2970 242 3030 limem
264 2970 414 3028 domum.”
456 2970 496 3029 Et
515 2971 583 3029 Ter.
597 2969 693 3029 Andr.
709 2969 748 3027 V.
768 2990 801 3027 n.
820 2977 867 3027 20.
909 2968 1092 3028 “Sublimem
1116 2970 1197 3031 hunc
1223 2971 1304 3031 intro

147 3084 248 3160 rape?

209 3229 275 3290 894.
326 3212 417 3304 illi]
469 3219 584 3281 Tbere.
638 3225 698 3283 Pro
718 3224 787 3284 illic.
828 3223 928 3303 Supra
947 3233 1013 3285 223.

208 3394 275 3458 901.
325 3379 515 3478 Suppeii-as
543 3378 661 3472 ferre]
714 3387 765 3448 Ta
799 3387 897 3466 bring
922 3407 972 3448 me
999 3385 1065 3447 nid.
1123 3390 1214 3468 Epid.
1234 3389 1301 3452 645.

149 3504 336 3562 “Memento
361 3501 511 3580 meppetias
534 3502 608 3560 mihi
635 3523 704 3561 eum
731 3523 837 3562 sorore.
846 3502 962 3582 ferre.”
1003 3503 1067 3560 Mil.
1083 3510 1167 3561 1040.
1208 3501 1303 3560 “Nisi

146 3624 183 3672 tu
208 3610 251 3669 illi
265 3608 338 3688 fere
360 3609 536 3688 suppetiae?
576 3609 751 3689 Aliquando
778 3611 912 3669 absolute
939 3621 1081 3679 sumtum,
1110 3622 1143 3671 ut
1169 3610 1302 3688 Infieiar,

146 3744 177 3782 v.
194 3729 262 3782 305.
302 3721 386 3779 Infra
405 3727 472 3789 918.

208 3891 276 3954 902.
324 3872 563 3971 Epidamnii]
610 3885 687 3943 vne
707 3885 738 3942 in
760 3885 839 3944 pror.
854 3894 900 3946 ee.
921 3896 952 3944 et
972 3887 1070 3964 snpra
1092 3895 1155 3953 175.

208 4071 277 4133 903.
326 4051 448 4144 Luci]
497 4059 542 4121 Im
576 4057 675 4119 broad
708 4056 865 4138 dayligbt.
924 4062 991 4121 Vet.
1015 4064 1104 4121 ablat.
1127 4062 1236 4140 Amph.
1257 4071 1303 4122 10.

148 4181 235 4239 “Me
247 4177 306 4238 laci
323 4177 441 4236 mittere
454 4176 581 4254 potuit.”
621 4175 688 4233 Cas.
701 4173 770 4236 633.
805 4174 996 4232 “Veniamus
1009 4173 1094 4233 laei.”
1128 4176 1221 4233 Merc.
1235 4182 1303 4234 251.

149 4290 262 4348 “Cum
282 4287 341 4346 laci
364 4288 479 4346 simul.”
520 4287 671 4354 cisem9.
714 4284 845 4342 “Primo
865 4283 949 4341 inci?
989 4283 1069 4342 Vide
1091 4285 1189 4362 Supra
1208 4293 1273 4344 310.
