3084 5017
233 475 299 540 150
645 470 954 536 GLOSSARIUM

278 683 342 742 171.
392 663 651 764 Marsupium.]
694 673 813 738 Purse.
861 675 1048 737 ''Saeculum
1069 691 1270 740 nummorum,
1290 687 1382 746 quem

227 790 327 851 Graessi
341 789 398 870 μᾶρ
400 815 490 846 rrrrr
507 791 667 870 appellant.
705 789 947 864 Quaedamenim
961 790 1067 847 Graeca
1083 787 1115 844 in
1131 784 1275 844 Latinum
1290 781 1382 860 paulo

225 889 421 961 inflectuntur
433 910 557 980 propter
570 901 741 960 Romanum
754 901 941 979 eloquium.“
973 898 1070 957 Isidor
1083 897 1167 974 Orig.
1181 894 1250 954 Lib.
1264 891 1339 950 XX.
1351 899 1380 960 9.

228 1014 271 1070 At
291 1011 397 1072 Graece
416 1010 578 1090 aliquando
596 1012 708 1090 legitur
727 1017 890 1090 peperimus,
909 1007 1074 1091 μαρσῦπιον,
1094 1019 1125 1068 et
1143 1003 1325 1086 μαρσῦπειον.

279 1197 344 1256 172·
392 1179 598 1272 Viaticati]
637 1189 810 1254 Provided.
851 1193 931 1254 Nam
945 1194 1080 1254 viaticum
1098 1193 1137 1256 ad
1151 1192 1265 1271 quaevis
1279 1210 1379 1250 neees-

228 1310 303 1370 sarin
316 1311 456 1370 translate
469 1311 606 1370 refertur.
645 1311 767 1372 Persius
782 1313 842 1373 Sat.
856 1311 892 1370 V.
906 1311 954 1372 65.
989 1311 1136 1372 “Miseris
1150 1308 1258 1370 viatica
1272 1308 1380 1368 eanis.”

286 1525 337 1537 -
391 1476 603 1551 Admodum
621 1479 770 1572 aestive]
817 1487 896 1568 Very
919 1487 1045 1567 tightly.
1086 1488 1178 1561 Quod
1188 1498 1275 1547 vocat
1290 1485 1379 1564 Apul.

229 1597 357 1657 Metll.
381 1598 539 1657 “Tenuato
552 1597 701 1657 admodum
715 1599 846 1659 viatico?
873 1600 1036 1658 Vid.Nott.
1062 1598 1171 1657 Gaas:
1186 1599 1269 1657 Leet.
1282 1597 1379 1657 Plaut.

228 1709 389 1768 ''AEsts'vum
400 1709 519 1780 dieitur,
532 1730 593 1788 quo
602 1731 656 1790 per
667 1722 798 1772 aestatem
809 1713 931 1772 utimur.
954 1712 1004 1772 Sic
1014 1712 1092 1770 Plin.
1103 1710 1190 1770 XXL
1201 1719 1229 1772 3.
1251 1710 1381 1768 “Vestes

228 1822 330 1882 serieae
348 1820 489 1902 (Muslin)
508 1821 651 1882 dicuntur
671 1821 779 1883 oestivoe
798 1823 951 1883 leuitatis.”
999 1823 1135 1903 Propert
1160 1823 1217 1881 IV.
1238 1841 1310 1880 vm.
1334 1829 1381 1888 37.

230 1932 394 2012 “Vitrique
404 1931 505 1991 aestiva
515 1933 703 2011 supellex.’'“
722 1931 839 1992 Eodem
850 1934 922 1994 facit
932 1933 1008 1992 Hor.
1017 1934 1075 2012 Ep.
1085 1933 1110 1991 1.
1119 1952 1165 1990 xi.
1176 1940 1222 1993 18.
1244 1930 1383 1990 “Peuula

229 2045 364 2114 solstitio,
379 2052 544 2122 campestre
556 2043 706 2103 nivalibus
719 2045 826 2103 auris.’'
856 2045 918 2122 (De
930 2065 963 2104 re
975 2064 1083 2122 parum
1096 2044 1292 2122 congruenti:
1313 2061 1382 2101 nam

227 2164 386 2234 campestre
398 2164 461 2214 erat
473 2153 573 2214 oestioa
586 2155 687 2225 vestis,
698 2166 804 2234 utpote
816 2156 974 2225 levissima,
988 2166 1019 2216 et
1031 2156 1131 2215 minus
1143 2155 1240 2233 igitur
1252 2153 1382 2215 brumali

229 2267 335 2344 frigori
358 2265 546 2335 conveniens,
569 2266 618 2324 oui
637 2267 762 2326 crassior
783 2268 894 2345 penula
914 2265 1033 2346 aptior.)

281 2446 346 2505 175.
394 2427 643 2529 Epidamniu]
685 2446 713 2502 A
736 2446 830 2504 subst.
853 2445 1060 2523 spasmus,-
1082 2445 1162 2504 vue
1180 2445 1259 2503 eru.
1278 2451 1383 2504 ss-s.

282 2636 346 2705 176.
395 2628 634 2728 Voluptatis]
688 2640 939 2722 Vouaptuartm
969 2637 1176 2702 aeoaaoaou.
1229 2636 1385 2716 Voluptati

230 2763 262 2812 et
278 2754 368 2831 genio
386 2754 574 2833 indulgendo
593 2757 697 2816 dediti.
729 2758 807 2816 Rud.
825 2757 905 2816 Prol.
921 2765 967 2817 54.
1008 2755 1098 2814 “Eat
1116 2754 1149 2811 in
1171 2751 1321 2812 Siciliam:
1341 2748 1383 2808 ibi

229 2884 294 2926 esse
312 2862 447 2924 homines
467 2863 669 2947 voluptarios?

290 3075 338 3089 —-
394 3037 560 3111 Maxumi
575 3044 783 3135 potatores]
814 3045 906 3128 Deep
923 3045 1086 3108 dunum.
1127 3049 1207 3109 Vide
1221 3050 1307 3109 Infra
1322 3055 1385 3108 185.

285 3249 350 3308 177.
398 3235 660 3332 Sycophanta]
713 3243 900 3328 Sdarpem
930 3247 1050 3308 edente.
1093 3251 1180 3329 Saepe
1201 3251 1285 3330 apud
1306 3249 1387 3308 Nos-

230 3362 313 3410 trum
340 3374 396 3432 pro
421 3353 541 3416 homine
568 3359 676 3436 fallaci,
703 3359 905 3430 fraudulento,
932 3347 1085 3421 mendaci.
1120 3361 1208 3419 Infra
1232 3369 1298 3430 199.
1319 3366 1385 3429 985.

233 3466 345 3543 Amph.
359 3474 425 3525 350.
459 3468 545 3528 Cure.
561 3479 627 3540 459.
641 3474 695 3531 &o
731 3472 800 3530 Ter.
814 3472 910 3531 Andr.
925 3473 979 3531 IV.
993 3492 1038 3531 vr.
1052 3481 1101 3534 20.
1127 3483 1148 3509 “
1156 3473 1323 3532 Clamitent
1338 3492 1386 3530 me

231 3573 463 3651 sycophantam?
512 3577 577 3651 (An
597 3579 765 3656 impostor.)
815 3581 928 3639 Notum
949 3581 1092 3660 primaria
1110 3581 1293 3660 significatio
1307 3580 1389 3660 apud

232 3683 364 3754 Gnaeos,
386 3695 417 3744 et
437 3685 581 3747 derivatio
600 3711 618 3748 a
638 3689 727 3745 Σῦκον
745 3702 777 3749 et
795 3694 891 3766 φαίνω.

290 3883 341 3902 ,-.
394 3838 634 3936 Palpatores]
665 3847 859 3929 Spongers,·
884 3852 1031 3932 aujolers.
1072 3858 1227 3939 Palpator,
1249 3861 1305 3938 qui
1323 3859 1389 3940 pal-

232 3966 295 4034 pat.
336 3960 431 4020 Mero.
457 3961 520 4022 166.
564 3965 670 4023 “Vide
693 3974 728 4023 ut
752 3965 913 4043 palpatur!
944 3969 1081 4040 Nullust,
1110 3971 1235 4049 quando
1262 3971 1390 4050 occoepit

235 4067 398 4128 blandior?
426 4071 543 4130 Poenui.
554 4074 621 4134 226.
650 4083 670 4108 “
680 4073 791 4142 Exora,
803 4075 948 4148 blandire,
960 4080 1112 4158 expalpo.'’
1139 4081 1204 4143 Cic.
1215 4082 1284 4142 Att.
1295 4083 1351 4141 lx.
1361 4089 1388 4150 9.

240 4172 379 4252 Palpabo.
407 4177 438 4256 (i.
453 4199 477 4237 e.
500 4180 660 4240 Adulando
673 4181 779 4240 leviter
798 4188 944 4265 tentabo.)
985 4190 1062 4248 Cum
1084 4190 1177 4250 Malis
1199 4203 1231 4253 et
1255 4190 1389 4272 Perjuris

233 4286 337 4362 jungit
358 4289 466 4348 Noster
488 4289 563 4347 Rud.
585 4298 631 4348 44.
672 4289 751 4348 Vide
772 4289 856 4349 Infra
876 4302 941 4365 509.
