3084 5017
254 500 318 564 140
669 500 976 566 GLOSSARIUM

246 695 386 775 cymbium
399 718 417 754 a
430 698 546 774 cymba.
588 697 762 764 AthenaeuS,
784 696 852 774 [cit.
867 718 913 775 ap.
928 696 1082 774 Aristoph.
1097 696 1160 754 Pax
1177 697 1260 774 148]
1289 693 1390 750 ''Kels-

247 811 361 891 llapos.
380 807 426 868 ὅτι
444 810 494 879 μὲν
513 813 612 865 πλοῖον
629 809 729 878 ὄνομα.
748 806 794 862 ὅτι
812 807 842 865 δὲ
859 807 903 863 καὶ
920 804 1089 884 ποτήριόν
1107 833 1136 864 τι
1150 807 1224 864 οὕτω
1240 812 1392 864 καλεῖται.“

249 919 352 978 Notus
363 929 409 986 est
421 939 485 977 mos
498 918 606 997 pocula
622 939 660 978 ex
678 919 775 976 forma
786 918 996 997 nuncupandi;
1015 918 1116 996 qualis
1132 927 1211 986 sunt,
1228 913 1391 983 Carclseain

252 1032 419 1113 Scnplium,
441 1036 494 1092 &c
536 1032 610 1090 Hor.
633 1031 691 1091 Od.
714 1031 739 1089 Ι.
762 1051 814 1090 xx.
855 1031 953 1092 “Vile
972 1032 1089 1110 potabis
1108 1030 1233 1091 modicis
1254 1029 1393 1088 Sabinum

253 1143 441 1202 Cantharis.”
473 1143 556 1222 Virg.
572 1142 635 1203 Ecl.
650 1142 704 1199 VI.
722 1150 767 1209 17.
802 1142 938 1202 “Gravis
955 1143 1057 1203 attrita
1076 1141 1226 1221 pendebat
1239 1140 1394 1199 cantharus

250 1255 346 1310 ansa.''
388 1254 496 1312 Noster
509 1253 594 1311 Asin.
610 1259 674 1311 880.
701 1251 810 1312 Bacch.
825 1261 870 1314 35.

306 1448 354 1510 98.
402 1431 543 1524 pulta]
591 1438 716 1500 Knoclc.
774 1445 916 1523 Proprius
942 1444 1033 1524 hujus
1058 1444 1141 1504 verbi
1165 1465 1277 1504 sensus.
1328 1444 1394 1502 Ter.

250 1562 361 1626 Hesua
376 1560 419 1622 ΙΙ.
434 1580 484 1620 111.
499 1568 545 1624 84.
580 1561 724 1620 “Dromo
740 1560 838 1640 pullat
858 1561 957 1620 foris.''
998 1563 1038 1623 Et
1056 1563 1174 1640 passim.

306 1788 356 1800 —
403 1739 560 1828 Samia]
602 1751 745 1830 Fragiles,
757 1762 791 1812 ut
805 1773 874 1812 vasa
887 1752 988 1811 fictilia
1000 1772 1037 1811 ex
1053 1752 1141 1810 Samo
1153 1751 1252 1819 insula¹
1264 1750 1395 1809 oriunda

249 1873 358 1934 Bacch.
376 1870 440 1939 167.
462 1872 555 1932 “Scis
567 1882 602 1930 tu
616 1882 650 1931 ut
660 1871 809 1948 confringi
823 1891 875 1929 vas
888 1870 948 1928 cito
962 1868 1092 1928 Samium
1102 1869 1203 1928 solet.”
1224 1869 1317 1928 Stich.
1331 1867 1396 1928 665.

249 1982 403 2044 “Samiolo
422 1983 575 2060 potes-ios*
597 1983 666 2059 (pro
687 1979 761 2059 vili.)

303 2170 351 2230 99.
400 2149 547 2248 Eapse.]
596 2155 742 2238 Heraels.
796 2158 845 2218 Ea
870 2158 944 2237 ipsa.
992 2159 1076 2216 Infra
1098 2158 1164 2225 675.
1192 2157 1305 2217 Cistell.
1333 2167 1395 2218 185.

250 2283 377 2360 “Eapse
397 2281 478 2359 quod
496 2281 552 2338 sibi
571 2284 778 2358 supponeret.”
812 2280 877 2338 Mil.
892 2277 958 2338 860.
999 2277 1087 2337 Cute.
1105 2287 1167 2347 159.
1189 2281 1242 2338 &c

305 2525 356 2538 --
403 2477 548 2569 Solem]
597 2488 645 2548 De
669 2488 779 2548 Erotio.
822 2488 935 2546 Contra
958 2487 982 2547 si
1005 2487 1105 2545 minus
1127 2487 1263 2565 placebat
1287 2487 1395 2565 aliqua,

254 2603 400 2666 Tenebrae
413 2604 616 2682 designabant.
632 2604 723 2682 Epid.
738 2605 804 2665 465.
833 2603 945 2676 “Quas
958 2613 992 2662 tu
1005 2602 1079 2663 mihi
1093 2601 1224 2664 tenebras
1235 2602 1334 2662 trudis
1342 2605 1374 2662 ?''

302 2799 366 2852 100.
415 2782 528 2856 Satln’
545 2765 618 2874 hh]
659 2794 761 2853 ''Haec
779 2794 895 2872 phrasis
912 2792 1019 2871 priscis
1035 2793 1067 2850 in
1088 2813 1144 2850 usu
1163 2792 1291 2870 luitpro
1307 2813 1400 2851 nonne

248 2909 330 2980 salis,
352 2929 451 2968 nonne
472 2908 541 2966 satis
564 2907 674 2984 (causae
696 2910 755 2985 est)
777 2918 812 2967 ut
829 2909 887 2967 hoc
905 2908 954 2967 vel
974 2907 1050 2966 illud
1068 2907 1204 2967 facias?“
1224 2907 1350 2977 Bonus,
1364 2910 1396 2967 in

249 3019 361 3098 Amph.
376 3025 443 3086 474.
464 3016 590 3077 ”Genus
611 3017 753 3095 loquendi
773 3019 881 3077 Plauto
901 3019 1206 3096 frequentissimum.“
1243 3019 1395 3078 Gaonov:

248 3133 281 3190 in
294 3129 422 3189 Mostell.
437 3137 483 3197 73.
525 3129 574 3188 Sic
587 3129 723 3189 Trinum.
737 3129 792 3187 IV.
807 3138 833 3189 3.
868 3129 993 3189 “Salia'
1012 3130 1044 3188 in
1062 3130 1275 3209 'l'hennopolio
1288 3131 1396 3190 conda-

249 3241 324 3299 lium
338 3259 370 3298 es
383 3238 494 3297 oblitus
503 3239 535 3296 ?''
557 3237 658 3312 (Itane
670 3258 700 3296 es
712 3237 839 3318 oblitus.)
860 3239 925 3296 Mil.
939 3239 982 3298 11.
996 3239 1024 3300 6.
1056 3248 1076 3272 “
1085 3239 1179 3297 Satin’
1198 3240 1272 3298 abiit
1291 3240 1381 3298 ille?”

301 3462 352 3480 --
397 3411 647 3507 Occoecatust.]
671 3421 879 3485 Bedlmnwd.
925 3423 1056 3503 (Nempe
1078 3424 1166 3502 Sol;)
1188 3424 1385 3499 Obscursstus.x

303 3656 354 3674 ...-
399 3606 514 3701 Prae.]
560 3614 605 3676 In
628 3618 831 3697 cmnparison
854 3617 943 3707 scith.

300 3821 366 3873 101.
413 3802 552 3877 Anime
577 3803 655 3895 101.]
688 3809 749 3892 My
775 3814 863 3883 1000,Ι
896 3830 950 3892 nsy
975 3809 1063 3871 dear.
1119 3811 1307 3876 Blandientis
1330 3833 1395 3873 vox.

247 3933 335 3992 'Infra
355 3939 422 4000 272.
462 3929 531 3989 Ter.
546 3931 640 3988 Andr.
659 3929 715 3988 IV.
739 3950 775 3988 11.
797 3939 825 3990 2.
867 3929 996 3988 “Anime
1016 3928 1064 4000 mi,
1086 3930 1147 3988 noli
1167 3940 1198 3989 te
1218 3933 1395 3990 macerate?

250 4042 417 4103 Eun.1.11.
435 4049 480 4104 15.
521 4041 650 4100 “Anime
671 4041 718 4112 mi,
739 4043 781 4100 mi
803 4042 968 4102 phaedria?
988 4046 1042 4102 &c

292 4261 345 4280 -··
389 4219 506 4293 Extra
522 4223 738 4310 numerum]
779 4224 902 4300 Gallice,
923 4231 958 4290 de
979 4239 1051 4309 trop.
1092 4232 1130 4288 In
1144 4232 1248 4322 amicis
1260 4233 1336 4292 meis
1348 4230 1396 4287 mlx

251 4341 401 4420 ἐναρίθμιος
425 4361 463 4398 es.
486 4339 610 4398 Theocr.
633 4341 721 4420 Idyll.
744 4341 831 4402 XIV.
852 4353 898 4403 48.
947 4345 1054 4416 'Appen
1077 4344 1099 4403 δ’
1126 4345 1191 4403 οὔτε
1219 4349 1294 4420 λόγω
1323 4347 1395 4404 τινὰ
