<?xml version="1.0" encoding="UTF-8"?>
<!DOCTYPE html PUBLIC "-//W3C//DTD XHTML 1.0 Transitional//EN"
    "http://www.w3.org/TR/xhtml1/DTD/xhtml1-transitional.dtd">
<html xmlns="http://www.w3.org/1999/xhtml" xml:lang="en" lang="en">
 <head>
  <title>
</title>
<meta http-equiv="Content-Type" content="text/html;charset=utf-8" />
  <meta name='ocr-system' content='tesseract 3.04.00' />
  <meta name='ocr-capabilities' content='ocr_page ocr_carea ocr_par ocr_line ocrx_word'/>
</head>
<body>
  <div class='ocr_page' id='page_1' title='image "./maplautimenaech00hildgoog_0081.png"; bbox 0 0 3084 5017; ppageno 0'>
   <div class='ocr_carea' id='block_1_1' title="bbox 572 476 900 542">
    <p class='ocr_par' dir='ltr' id='par_1_1' title="bbox 572 476 900 542">
     <span class='ocr_line' id='line_1_1' title="bbox 572 476 900 542; baseline -0.015 1"><span class='ocrx_word' id='word_1_1' title='bbox 572 476 900 542; x_wconf 83' lang='lat' dir='ltr'><strong>MENAECHMEI.</strong></span> 
     </span>
    </p>
   </div>
   <div class='ocr_carea' id='block_1_2' title="bbox 494 830 984 897">
    <p class='ocr_par' dir='ltr' id='par_1_2' title="bbox 494 830 984 897">
     <span class='ocr_line' id='line_1_2' title="bbox 494 830 984 897; baseline -0.012 0"><span class='ocrx_word' id='word_1_2' title='bbox 494 834 601 897; x_wconf 89' lang='lat' dir='ltr'>ACT.</span> <span class='ocrx_word' id='word_1_3' title='bbox 630 833 688 896; x_wconf 88' lang='lat' dir='ltr'><strong>IV.</strong></span> <span class='ocrx_word' id='word_1_4' title='bbox 743 831 898 896; x_wconf 89' lang='lat' dir='ltr'>SCENA</span> <span class='ocrx_word' id='word_1_5' title='bbox 926 830 984 893; x_wconf 91' lang='lat' dir='ltr'><strong>IV.</strong></span> 
     </span>
    </p>
   </div>
   <div class='ocr_carea' id='block_1_3' title="bbox 430 1031 1042 1083">
    <p class='ocr_par' dir='ltr' id='par_1_3' title="bbox 430 1031 1042 1083">
     <span class='ocr_line' id='line_1_3' title="bbox 430 1031 1042 1083; baseline -0.007 -1"><span class='ocrx_word' id='word_1_6' title='bbox 430 1033 666 1083; x_wconf 79' lang='lat' dir='ltr'>MENAECHMUS</span> <span class='ocrx_word' id='word_1_7' title='bbox 688 1032 858 1082; x_wconf 82' lang='lat' dir='ltr'><strong>SOSIGLES.</strong></span> <span class='ocrx_word' id='word_1_8' title='bbox 892 1031 1042 1081; x_wconf 82' lang='lat' dir='ltr'><strong>MULIER.</strong></span> 
     </span>
    </p>
   </div>
   <div class='ocr_carea' id='block_1_4' title="bbox 141 1198 1144 1424">
    <p class='ocr_par' dir='ltr' id='par_1_4' title="bbox 141 1198 1144 1424">
     <span class='ocr_line' id='line_1_4' title="bbox 141 1198 1144 1296; baseline -0.004 -22"><span class='ocrx_word' id='word_1_9' title='bbox 141 1201 232 1274; x_wconf 92' lang='grc' dir='ltr'><strong>ΜΕ.</strong></span> <span class='ocrx_word' id='word_1_10' title='bbox 247 1199 368 1273; x_wconf 88' lang='lat' dir='ltr'><strong>Nimis</strong></span> <span class='ocrx_word' id='word_1_11' title='bbox 393 1201 505 1275; x_wconf 86' lang='lat' dir='ltr'><strong>stulte</strong></span> <span class='ocrx_word' id='word_1_12' title='bbox 524 1200 662 1274; x_wconf 90' lang='lat' dir='ltr'><strong>dudum</strong></span> <span class='ocrx_word' id='word_1_13' title='bbox 688 1198 766 1286; x_wconf 85' lang='lat' dir='ltr'><strong>feci,</strong></span> <span class='ocrx_word' id='word_1_14' title='bbox 793 1223 898 1295; x_wconf 92' lang='lat' dir='ltr'><strong>quom</strong></span> <span class='ocrx_word' id='word_1_15' title='bbox 925 1199 1144 1296; x_wconf 86' lang='lat' dir='ltr'><strong>marsupium</strong></span> 
     </span>
     <span class='ocr_line' id='line_1_5' title="bbox 246 1323 996 1424; baseline -0.005 -25"><span class='ocrx_word' id='word_1_16' title='bbox 246 1326 467 1401; x_wconf 88' lang='lat' dir='ltr'><strong>Messenioni</strong></span> <span class='ocrx_word' id='word_1_17' title='bbox 494 1350 573 1399; x_wconf 88' lang='lat' dir='ltr'><strong>eum</strong></span> <span class='ocrx_word' id='word_1_18' title='bbox 599 1336 747 1424; x_wconf 84' lang='lat' dir='ltr'><strong>argento</strong></span> <span class='ocrx_word' id='word_1_19' title='bbox 773 1323 996 1398; x_wconf 85' lang='lat' dir='ltr'><strong>concredidi!</strong></span> 
     </span>
    </p>
   </div>
   <div class='ocr_carea' id='block_1_5' title="bbox 144 1455 1338 3180">
    <p class='ocr_par' dir='ltr' id='par_1_5' title="bbox 247 1455 1334 1555">
     <span class='ocr_line' id='line_1_6' title="bbox 247 1455 1334 1555; baseline -0.003 -29"><span class='ocrx_word' id='word_1_20' title='bbox 247 1455 417 1530; x_wconf 86' lang='lat' dir='ltr'><strong>Inmersit</strong></span> <span class='ocrx_word' id='word_1_21' title='bbox 441 1456 560 1555; x_wconf 89' lang='lat' dir='ltr'><strong>aliquo</strong></span> <span class='ocrx_word' id='word_1_22' title='bbox 586 1484 671 1543; x_wconf 89' lang='lat' dir='ltr'><strong>sese,</strong></span> <span class='ocrx_word' id='word_1_23' title='bbox 697 1457 812 1542; x_wconf 89' lang='lat' dir='ltr'><strong>eredo,</strong></span> <span class='ocrx_word' id='word_1_24' title='bbox 838 1458 877 1528; x_wconf 94' lang='lat' dir='ltr'><strong>in</strong></span> <span class='ocrx_word' id='word_1_25' title='bbox 900 1482 1065 1554; x_wconf 86' lang='lat' dir='ltr'><strong>ganeum.</strong></span> <span class='ocrx_word' id='word_1_26' title='bbox 1278 1463 1334 1524; x_wconf 83' lang='lat'><strong>605</strong></span> 
     </span>
    </p>

    <p class='ocr_par' dir='ltr' id='par_1_6' title="bbox 144 1580 1220 1686">
     <span class='ocr_line' id='line_1_7' title="bbox 144 1580 1220 1686; baseline -0.003 -30"><span class='ocrx_word' id='word_1_27' title='bbox 144 1583 233 1656; x_wconf 76' lang='lat' dir='ltr'><strong>Mu,</strong></span> <span class='ocrx_word' id='word_1_28' title='bbox 247 1580 443 1686; x_wconf 54' lang='lat' dir='ltr'><strong>homiaem,</strong></span> <span class='ocrx_word' id='word_1_29' title='bbox 470 1609 576 1681; x_wconf 88' lang='lat' dir='ltr'><strong>quam</strong></span> <span class='ocrx_word' id='word_1_30' title='bbox 601 1609 685 1657; x_wconf 83' lang='lat' dir='ltr'><strong>mox</strong></span> <span class='ocrx_word' id='word_1_31' title='bbox 710 1585 763 1656; x_wconf 88' lang='lat' dir='ltr'><strong>vir</strong></span> <span class='ocrx_word' id='word_1_32' title='bbox 789 1608 888 1660; x_wconf 91' lang='lat' dir='ltr'><strong>meus</strong></span> <span class='ocrx_word' id='word_1_33' title='bbox 914 1582 1036 1655; x_wconf 80' lang='lat' dir='ltr'><strong>redeat</strong></span> <span class='ocrx_word' id='word_1_34' title='bbox 1063 1580 1220 1655; x_wconf 91' lang='lat' dir='ltr'><strong>domum.</strong></span> 
     </span>
    </p>

    <p class='ocr_par' dir='ltr' id='par_1_7' title="bbox 247 1705 1170 1804">
     <span class='ocr_line' id='line_1_8' title="bbox 247 1705 1170 1804; baseline -0.003 -23"><span class='ocrx_word' id='word_1_35' title='bbox 247 1706 320 1781; x_wconf 80' lang='lat' dir='ltr'><strong>Sed</strong></span> <span class='ocrx_word' id='word_1_36' title='bbox 344 1732 464 1781; x_wconf 88' lang='lat' dir='ltr'><strong>eccum</strong></span> <span class='ocrx_word' id='word_1_37' title='bbox 488 1707 611 1782; x_wconf 88' lang='lat' dir='ltr'><strong>video!</strong></span> <span class='ocrx_word' id='word_1_38' title='bbox 639 1707 746 1782; x_wconf 86' lang='lat' dir='ltr'><strong>Salva</strong></span> <span class='ocrx_word' id='word_1_39' title='bbox 767 1731 869 1780; x_wconf 90' lang='lat' dir='ltr'><strong>sum:</strong></span> <span class='ocrx_word' id='word_1_40' title='bbox 894 1707 1026 1804; x_wconf 90' lang='lat' dir='ltr'><strong>pallam</strong></span> <span class='ocrx_word' id='word_1_41' title='bbox 1052 1705 1170 1779; x_wconf 80' lang='lat' dir='ltr'><strong>refert.</strong></span> 
     </span>
    </p>

    <p class='ocr_par' dir='ltr' id='par_1_8' title="bbox 145 1832 1037 1917">
     <span class='ocr_line' id='line_1_9' title="bbox 145 1832 1037 1917; baseline -0.004 -11"><span class='ocrx_word' id='word_1_42' title='bbox 145 1833 235 1906; x_wconf 92' lang='grc' dir='ltr'><strong>ΜΕ.</strong></span> <span class='ocrx_word' id='word_1_43' title='bbox 246 1832 426 1917; x_wconf 87' lang='lat' dir='ltr'><strong>Demiror,</strong></span> <span class='ocrx_word' id='word_1_44' title='bbox 452 1834 515 1905; x_wconf 92' lang='lat' dir='ltr'><strong>ubi</strong></span> <span class='ocrx_word' id='word_1_45' title='bbox 540 1859 636 1906; x_wconf 90' lang='lat' dir='ltr'><strong>nunc</strong></span> <span class='ocrx_word' id='word_1_46' title='bbox 660 1832 820 1906; x_wconf 82' lang='lat' dir='ltr'>ambulet</span> <span class='ocrx_word' id='word_1_47' title='bbox 845 1832 1037 1905; x_wconf 89' lang='lat' dir='ltr'><strong>Messenio.</strong></span> 
     </span>
    </p>

    <p class='ocr_par' dir='ltr' id='par_1_9' title="bbox 145 1957 1337 2306">
     <span class='ocr_line' id='line_1_10' title="bbox 145 1957 1336 2056; baseline -0.007 -22"><span class='ocrx_word' id='word_1_48' title='bbox 145 1959 236 2034; x_wconf 77' lang='lat' dir='ltr'><strong>Mu,</strong></span> <span class='ocrx_word' id='word_1_49' title='bbox 248 1959 385 2045; x_wconf 89' lang='lat' dir='ltr'><strong>Adibo,</strong></span> <span class='ocrx_word' id='word_1_50' title='bbox 405 1971 511 2056; x_wconf 88' lang='lat' dir='ltr'><strong>atque</strong></span> <span class='ocrx_word' id='word_1_51' title='bbox 536 1957 716 2033; x_wconf 89' lang='lat' dir='ltr'><strong>hominem</strong></span> <span class='ocrx_word' id='word_1_52' title='bbox 738 1959 908 2056; x_wconf 82' lang='lat' dir='ltr'><strong>accipiam</strong></span> <span class='ocrx_word' id='word_1_53' title='bbox 935 1957 1062 2054; x_wconf 92' lang='lat' dir='ltr'><strong>quibus</strong></span> <span class='ocrx_word' id='word_1_54' title='bbox 1084 1957 1188 2032; x_wconf 79' lang='lat' dir='ltr'><strong>dictis</strong></span> <span class='ocrx_word' id='word_1_55' title='bbox 1211 1967 1336 2030; x_wconf 81' lang='lat' dir='ltr'><strong>meret.</strong></span> 
     </span>
     <span class='ocr_line' id='line_1_11' title="bbox 241 2083 1337 2182; baseline -0.012 -23"><span class='ocrx_word' id='word_1_56' title='bbox 241 2083 334 2160; x_wconf 89' lang='lat' dir='ltr'><strong>Non</strong></span> <span class='ocrx_word' id='word_1_57' title='bbox 359 2095 397 2157; x_wconf 81' lang='lat' dir='ltr'><strong>te</strong></span> <span class='ocrx_word' id='word_1_58' title='bbox 418 2083 531 2182; x_wconf 88' lang='lat' dir='ltr'><strong>pudet</strong></span> <span class='ocrx_word' id='word_1_59' title='bbox 556 2084 695 2182; x_wconf 87' lang='lat' dir='ltr'><strong>prodire</strong></span> <span class='ocrx_word' id='word_1_60' title='bbox 719 2084 759 2155; x_wconf 91' lang='lat' dir='ltr'><strong>in</strong></span> <span class='ocrx_word' id='word_1_61' title='bbox 786 2093 1012 2179; x_wconf 86' lang='lat' dir='ltr'><strong>conspectum</strong></span> <span class='ocrx_word' id='word_1_62' title='bbox 1037 2107 1168 2166; x_wconf 91' lang='lat' dir='ltr'><strong>meum,</strong></span> <span class='ocrx_word' id='word_1_63' title='bbox 1279 2089 1337 2148; x_wconf 91' lang='lat'><strong>610</strong></span> 
     </span>
     <span class='ocr_line' id='line_1_12' title="bbox 251 2208 1038 2306; baseline -0.003 -26"><span class='ocrx_word' id='word_1_64' title='bbox 251 2208 449 2306; x_wconf 82' lang='lat' dir='ltr'><strong>Flagitium</strong></span> <span class='ocrx_word' id='word_1_65' title='bbox 474 2209 639 2294; x_wconf 88' lang='lat' dir='ltr'><strong>hominis,</strong></span> <span class='ocrx_word' id='word_1_66' title='bbox 666 2233 746 2282; x_wconf 91' lang='lat' dir='ltr'><strong>cum</strong></span> <span class='ocrx_word' id='word_1_67' title='bbox 772 2209 862 2282; x_wconf 85' lang='lat' dir='ltr'><strong>istoc</strong></span> <span class='ocrx_word' id='word_1_68' title='bbox 884 2211 1038 2281; x_wconf 85' lang='lat' dir='ltr'><strong>omatn?</strong></span> 
     </span>
    </p>

    <p class='ocr_par' dir='ltr' id='par_1_10' title="bbox 250 2329 1336 2801">
     <span class='ocr_line' id='line_1_13' title="bbox 1014 2329 1336 2416; baseline -0.003 -13"><span class='ocrx_word' id='word_1_69' title='bbox 1014 2331 1099 2403; x_wconf 99' lang='grc' dir='ltr'><strong>ΜΕ.</strong></span> <span class='ocrx_word' id='word_1_70' title='bbox 1126 2329 1227 2416; x_wconf 87' lang='lat' dir='ltr'><strong>Quid</strong></span> <span class='ocrx_word' id='word_1_71' title='bbox 1254 2333 1336 2405; x_wconf 86' lang='lat' dir='ltr'><strong>est?</strong></span> 
     </span>
     <span class='ocr_line' id='line_1_14' title="bbox 250 2461 817 2560; baseline -0.004 -26"><span class='ocrx_word' id='word_1_72' title='bbox 250 2461 343 2548; x_wconf 84' lang='lat' dir='ltr'><strong>Quae</strong></span> <span class='ocrx_word' id='word_1_73' title='bbox 368 2463 635 2560; x_wconf 68' lang='lat' dir='ltr'><strong>recogitatae,</strong></span> <span class='ocrx_word' id='word_1_74' title='bbox 661 2461 817 2534; x_wconf 84' lang='lat' dir='ltr'><strong>mulier?</strong></span> 
     </span>
     <span class='ocr_line' id='line_1_15' title="bbox 799 2581 1313 2678; baseline -0.006 -21"><span class='ocrx_word' id='word_1_75' title='bbox 799 2584 885 2657; x_wconf 87' lang='lat' dir='ltr'><strong>Mu.</strong></span> <span class='ocrx_word' id='word_1_76' title='bbox 912 2585 1097 2666; x_wconf 81' lang='lat' dir='ltr'><strong>Etiamne,</strong></span> <span class='ocrx_word' id='word_1_77' title='bbox 1123 2581 1313 2678; x_wconf 89' lang='lat' dir='ltr'><strong>inpudens,</strong></span> 
     </span>
     <span class='ocr_line' id='line_1_16' title="bbox 250 2703 1270 2801; baseline -0.008 -17"><span class='ocrx_word' id='word_1_78' title='bbox 250 2710 408 2785; x_wconf 80' lang='lat' dir='ltr'><strong>Muttire</strong></span> <span class='ocrx_word' id='word_1_79' title='bbox 434 2713 579 2785; x_wconf 88' lang='lat' dir='ltr'><strong>verbum</strong></span> <span class='ocrx_word' id='word_1_80' title='bbox 604 2736 718 2784; x_wconf 92' lang='lat' dir='ltr'><strong>unum</strong></span> <span class='ocrx_word' id='word_1_81' title='bbox 744 2709 864 2794; x_wconf 87' lang='lat' dir='ltr'><strong>audes,</strong></span> <span class='ocrx_word' id='word_1_82' title='bbox 891 2719 954 2781; x_wconf 90' lang='lat' dir='ltr'><strong>aut</strong></span> <span class='ocrx_word' id='word_1_83' title='bbox 979 2731 1117 2779; x_wconf 88' lang='lat' dir='ltr'><strong>meeum</strong></span> <span class='ocrx_word' id='word_1_84' title='bbox 1142 2703 1270 2801; x_wconf 88' lang='lat' dir='ltr'><strong>loqui?</strong></span> 
     </span>
    </p>

    <p class='ocr_par' dir='ltr' id='par_1_11' title="bbox 148 2808 1338 2942">
     <span class='ocr_line' id='line_1_17' title="bbox 148 2808 1338 2942; baseline -0.005 -34"><span class='ocrx_word' id='word_1_85' title='bbox 148 2836 236 2908; x_wconf 91' lang='grc' dir='ltr'><strong>ΜΕ.</strong></span> <span class='ocrx_word' id='word_1_86' title='bbox 250 2808 352 2942; x_wconf 57' lang='lat' dir='ltr'><strong>Quid</strong></span> <span class='ocrx_word' id='word_1_87' title='bbox 378 2834 524 2908; x_wconf 78' lang='lat' dir='ltr'><strong>tandem</strong></span> <span class='ocrx_word' id='word_1_88' title='bbox 550 2835 677 2908; x_wconf 82' lang='lat' dir='ltr'><strong>admisi</strong></span> <span class='ocrx_word' id='word_1_89' title='bbox 707 2835 745 2906; x_wconf 94' lang='lat' dir='ltr'><strong>in</strong></span> <span class='ocrx_word' id='word_1_90' title='bbox 773 2859 842 2919; x_wconf 87' lang='lat' dir='ltr'><strong>me,</strong></span> <span class='ocrx_word' id='word_1_91' title='bbox 875 2843 915 2906; x_wconf 78' lang='lat' dir='ltr'><strong>ut</strong></span> <span class='ocrx_word' id='word_1_92' title='bbox 939 2830 1038 2928; x_wconf 92' lang='lat' dir='ltr'><strong>loqui</strong></span> <span class='ocrx_word' id='word_1_93' title='bbox 1064 2854 1135 2902; x_wconf 92' lang='lat' dir='ltr'><strong>non</strong></span> <span class='ocrx_word' id='word_1_94' title='bbox 1161 2828 1338 2902; x_wconf 85' lang='lat' dir='ltr'><strong>audeam?</strong></span> 
     </span>
    </p>

    <p class='ocr_par' dir='ltr' id='par_1_12' title="bbox 150 2954 1338 3056">
     <span class='ocr_line' id='line_1_18' title="bbox 150 2954 1338 3056; baseline -0.012 -23"><span class='ocrx_word' id='word_1_95' title='bbox 150 2960 235 3034; x_wconf 85' lang='lat' dir='ltr'><strong>Mu.</strong></span> <span class='ocrx_word' id='word_1_96' title='bbox 248 2957 373 3055; x_wconf 84' lang='lat' dir='ltr'><strong>Rogas</strong></span> <span class='ocrx_word' id='word_1_97' title='bbox 399 2961 482 3031; x_wconf 83' lang='lat' dir='ltr'><strong>me?</strong></span> <span class='ocrx_word' id='word_1_98' title='bbox 523 2955 696 3031; x_wconf 87' lang='lat' dir='ltr'><strong>Hominis</strong></span> <span class='ocrx_word' id='word_1_99' title='bbox 720 2956 956 3056; x_wconf 88' lang='lat' dir='ltr'><strong>inpudentem</strong></span> <span class='ocrx_word' id='word_1_100' title='bbox 983 2954 1186 3028; x_wconf 88' lang='lat' dir='ltr'><strong>audaciam!</strong></span> <span class='ocrx_word' id='word_1_101' title='bbox 1279 2961 1338 3020; x_wconf 85' lang='lat'><strong>615</strong></span> 
     </span>
    </p>

    <p class='ocr_par' dir='ltr' id='par_1_13' title="bbox 151 3083 1271 3180">
     <span class='ocr_line' id='line_1_19' title="bbox 151 3083 1271 3180; baseline -0.004 -22"><span class='ocrx_word' id='word_1_102' title='bbox 151 3085 238 3158; x_wconf 91' lang='grc' dir='ltr'><strong>ΜΕ.</strong></span> <span class='ocrx_word' id='word_1_103' title='bbox 251 3086 334 3158; x_wconf 91' lang='lat' dir='ltr'><strong>Non</strong></span> <span class='ocrx_word' id='word_1_104' title='bbox 359 3095 402 3157; x_wconf 81' lang='lat' dir='ltr'><strong>tu</strong></span> <span class='ocrx_word' id='word_1_105' title='bbox 427 3086 505 3170; x_wconf 87' lang='lat' dir='ltr'><strong>seis,</strong></span> <span class='ocrx_word' id='word_1_106' title='bbox 531 3085 670 3170; x_wconf 88' lang='lat' dir='ltr'><strong>mulier,</strong></span> <span class='ocrx_word' id='word_1_107' title='bbox 697 3083 886 3158; x_wconf 86' lang='lat' dir='ltr'><strong>Hecubam</strong></span> <span class='ocrx_word' id='word_1_108' title='bbox 913 3092 1124 3180; x_wconf 88' lang='lat' dir='ltr'><strong>quapropter</strong></span> <span class='ocrx_word' id='word_1_109' title='bbox 1149 3106 1271 3154; x_wconf 89' lang='lat' dir='ltr'><strong>canem</strong></span> 
     </span>
    </p>
   </div>
   <div class='ocr_carea' id='block_1_6' title="bbox 150 3269 1343 3407">
    <p class='ocr_par' dir='ltr' id='par_1_14' title="bbox 150 3269 1343 3407">
     <span class='ocr_line' id='line_1_20' title="bbox 150 3269 1343 3333; baseline -0.005 -11"><span class='ocrx_word' id='word_1_110' title='bbox 150 3291 174 3322; x_wconf 84' lang='lat' dir='ltr'><strong>v.</strong></span> <span class='ocrx_word' id='word_1_111' title='bbox 188 3273 316 3322; x_wconf 76' lang='grc'><strong>603-654.</strong></span> <span class='ocrx_word' id='word_1_112' title='bbox 330 3274 407 3320; x_wconf 85' lang='lat' dir='ltr'><strong>Iamb.</strong></span> <span class='ocrx_word' id='word_1_113' title='bbox 417 3271 493 3320; x_wconf 87' lang='lat' dir='ltr'><strong>Trim.</strong></span> <span class='ocrx_word' id='word_1_114' title='bbox 510 3272 594 3330; x_wconf 75' lang='lat' dir='ltr'><strong>Nimis,</strong></span> <span class='ocrx_word' id='word_1_115' title='bbox 605 3272 720 3333; x_wconf 88' lang='lat' dir='ltr'><strong>(Nimi&#39;,)</strong></span> <span class='ocrx_word' id='word_1_116' title='bbox 738 3271 829 3333; x_wconf 85' lang='lat' dir='ltr'><strong>[Supra</strong></span> <span class='ocrx_word' id='word_1_117' title='bbox 838 3289 862 3320; x_wconf 88' lang='lat' dir='ltr'><strong>v.</strong></span> <span class='ocrx_word' id='word_1_118' title='bbox 872 3272 908 3333; x_wconf 84' lang='lat'><strong>5.]</strong></span> <span class='ocrx_word' id='word_1_119' title='bbox 940 3271 992 3320; x_wconf 82' lang='lat'><strong>609.</strong></span> <span class='ocrx_word' id='word_1_120' title='bbox 1009 3269 1106 3324; x_wconf 82' lang='lat' dir='ltr'><strong>Quibu’.</strong></span> <span class='ocrx_word' id='word_1_121' title='bbox 1134 3270 1187 3317; x_wconf 86' lang='lat'>611.</span> <span class='ocrx_word' id='word_1_122' title='bbox 1203 3269 1343 3330; x_wconf 69' lang='lat' dir='ltr'><strong>Flagitium,</strong></span> 
     </span>
     <span class='ocr_line' id='line_1_21' title="bbox 575 3347 914 3407; baseline -0.006 -11"><span class='ocrx_word' id='word_1_123' title='bbox 575 3365 623 3396; x_wconf 94' lang='lat' dir='ltr'><strong>non</strong></span> <span class='ocrx_word' id='word_1_124' title='bbox 637 3347 752 3407; x_wconf 77' lang='lat' dir='ltr'><strong>liquescit.</strong></span> <span class='ocrx_word' id='word_1_125' title='bbox 782 3349 835 3396; x_wconf 81' lang='lat'><strong>615.</strong></span> <span class='ocrx_word' id='word_1_126' title='bbox 851 3347 914 3396; x_wconf 82' lang='lat' dir='ltr'><strong>Mad.</strong></span> 
     </span>
    </p>
   </div>
   <div class='ocr_carea' id='block_1_7' title="bbox 154 3504 1340 3683">
    <p class='ocr_par' dir='ltr' id='par_1_15' title="bbox 154 3504 1340 3683">
     <span class='ocr_line' id='line_1_22' title="bbox 192 3504 1340 3586; baseline 0.001 -20"><span class='ocrx_word' id='word_1_127' title='bbox 192 3506 259 3566; x_wconf 85' lang='grc'><strong>603.</strong></span> <span class='ocrx_word' id='word_1_128' title='bbox 300 3504 498 3585; x_wconf 76' lang='lat' dir='ltr'><strong>Maraups&#39;um,</strong></span> <span class='ocrx_word' id='word_1_129' title='bbox 520 3505 593 3585; x_wconf 78' lang='lat' dir='ltr'><strong>ete]</strong></span> <span class='ocrx_word' id='word_1_130' title='bbox 626 3506 723 3585; x_wconf 87' lang='lat' dir='ltr'><strong>Supra</strong></span> <span class='ocrx_word' id='word_1_131' title='bbox 773 3506 924 3586; x_wconf 67' lang='lat' dir='ltr'><strong>daciam]</strong></span> <span class='ocrx_word' id='word_1_132' title='bbox 954 3505 1038 3565; x_wconf 87' lang='lat' dir='ltr'><strong>‘The</strong></span> <span class='ocrx_word' id='word_1_133' title='bbox 1051 3506 1231 3585; x_wconf 90' lang='lat' dir='ltr'><strong>impudence</strong></span> <span class='ocrx_word' id='word_1_134' title='bbox 1244 3509 1280 3565; x_wconf 88' lang='lat' dir='ltr'><strong>of</strong></span> <span class='ocrx_word' id='word_1_135' title='bbox 1289 3508 1340 3567; x_wconf 90' lang='lat' dir='ltr'><strong>the</strong></span> 
     </span>
     <span class='ocr_line' id='line_1_23' title="bbox 154 3601 1240 3683; baseline -0.004 -22"><span class='ocrx_word' id='word_1_136' title='bbox 154 3609 221 3671; x_wconf 71' lang='lat'><strong>295.</strong></span> <span class='ocrx_word' id='word_1_137' title='bbox 772 3602 889 3660; x_wconf 87' lang='lat' dir='ltr'><strong>fellow!</strong></span> <span class='ocrx_word' id='word_1_138' title='bbox 913 3601 952 3658; x_wconf 90' lang='grc' dir='ltr'>Ὦ</span> <span class='ocrx_word' id='word_1_139' title='bbox 968 3602 1018 3670; x_wconf 64' lang='grc' dir='ltr'><strong>τῆς</strong></span> <span class='ocrx_word' id='word_1_140' title='bbox 1031 3603 1240 3683; x_wconf 67' lang='grc' dir='ltr'><strong>ἀναισχυντίας.</strong></span> 
     </span>
    </p>
   </div>
   <div class='ocr_carea' id='block_1_8' title="bbox 194 3715 1342 3818">
    <p class='ocr_par' dir='ltr' id='par_1_16' title="bbox 194 3715 1342 3818">
     <span class='ocr_line' id='line_1_24' title="bbox 194 3715 1342 3818; baseline 0.01 -30"><span class='ocrx_word' id='word_1_141' title='bbox 194 3717 260 3777; x_wconf 70' lang='lat'><strong>612·</strong></span> <span class='ocrx_word' id='word_1_142' title='bbox 302 3715 375 3781; x_wconf 57' lang='grc' dir='ltr'><strong>ΟΜ</strong></span> <span class='ocrx_word' id='word_1_143' title='bbox 389 3737 435 3774; x_wconf 66' lang='lat'><strong>&#39;⁸²⁸</strong></span> <span class='ocrx_word' id='word_1_144' title='bbox 447 3715 543 3794; x_wconf 56' lang='lat' dir='ltr'><strong>agitat</strong></span> <span class='ocrx_word' id='word_1_145' title='bbox 556 3716 628 3796; x_wconf 56' lang='lat'><strong>2⁰3]</strong></span> <span class='ocrx_word' id='word_1_146' title='bbox 664 3717 721 3774; x_wconf 69' lang='lat'><strong>5¹¹·</strong></span> <span class='ocrx_word' id='word_1_147' title='bbox 812 3739 878 3800; x_wconf 87' lang='lat'><strong>616.</strong></span> <span class='ocrx_word' id='word_1_148' title='bbox 924 3738 1104 3818; x_wconf 79' lang='lat' dir='ltr'><strong>Hecubam]</strong></span> <span class='ocrx_word' id='word_1_149' title='bbox 1149 3740 1245 3809; x_wconf 85' lang='lat' dir='ltr'><strong>Hauc,</strong></span> <span class='ocrx_word' id='word_1_150' title='bbox 1271 3740 1342 3818; x_wconf 80' lang='lat' dir='ltr'><strong>quia</strong></span> 
     </span>
    </p>
   </div>
   <div class='ocr_carea' id='block_1_9' title="bbox 155 3812 1342 4009">
    <p class='ocr_par' dir='ltr' id='par_1_17' title="bbox 155 3812 1342 4009">
     <span class='ocr_line' id='line_1_25' title="bbox 155 3812 1341 3904; baseline 0.001 -11"><span class='ocrx_word' id='word_1_151' title='bbox 155 3835 211 3893; x_wconf 72' lang='lat' dir='ltr'><strong>Pra</strong></span> <span class='ocrx_word' id='word_1_152' title='bbox 224 3812 291 3873; x_wconf 66' lang='lat'><strong>236·</strong></span> <span class='ocrx_word' id='word_1_153' title='bbox 774 3837 931 3896; x_wconf 86' lang='lat' dir='ltr'><strong>maledicta</strong></span> <span class='ocrx_word' id='word_1_154' title='bbox 940 3838 972 3904; x_wconf 83' lang='lat' dir='ltr'><strong>in</strong></span> <span class='ocrx_word' id='word_1_155' title='bbox 980 3838 1155 3896; x_wconf 91' lang='lat' dir='ltr'><strong>universum</strong></span> <span class='ocrx_word' id='word_1_156' title='bbox 1167 3837 1341 3896; x_wconf 85' lang='lat' dir='ltr'><strong>Graecorum</strong></span> 
     </span>
     <span class='ocr_line' id='line_1_26' title="bbox 195 3923 1342 4009; baseline 0 -20"><span class='ocrx_word' id='word_1_157' title='bbox 195 3925 262 3985; x_wconf 53' lang='lat'><strong>614</strong></span> <span class='ocrx_word' id='word_1_158' title='bbox 285 3923 723 4002; x_wconf 54' lang='lat' dir='ltr'><strong>Quidtaudemadmfflnmei]</strong></span> <span class='ocrx_word' id='word_1_159' title='bbox 775 3931 937 3990; x_wconf 88' lang='lat' dir='ltr'><strong>exercitum</strong></span> <span class='ocrx_word' id='word_1_160' title='bbox 968 3931 1085 3990; x_wconf 88' lang='lat' dir='ltr'><strong>assidue</strong></span> <span class='ocrx_word' id='word_1_161' title='bbox 1116 3933 1280 4009; x_wconf 79' lang='lat' dir='ltr'><strong>ingerebat,</strong></span> <span class='ocrx_word' id='word_1_162' title='bbox 1311 3932 1342 3989; x_wconf 90' lang='lat' dir='ltr'><strong>in</strong></span> 
     </span>
    </p>
   </div>
   <div class='ocr_carea' id='block_1_10' title="bbox 155 4019 1342 4188">
    <p class='ocr_par' dir='ltr' id='par_1_18' title="bbox 155 4019 1342 4188">
     <span class='ocr_line' id='line_1_27' title="bbox 156 4019 1341 4098; baseline 0.002 -16"><span class='ocrx_word' id='word_1_163' title='bbox 156 4019 270 4078; x_wconf 80' lang='lat' dir='ltr'><strong>‘What</strong></span> <span class='ocrx_word' id='word_1_164' title='bbox 281 4020 367 4088; x_wconf 76' lang='lat' dir='ltr'><strong>fault,</strong></span> <span class='ocrx_word' id='word_1_165' title='bbox 389 4019 503 4098; x_wconf 79' lang='lat' dir='ltr'><strong>Ipray‚</strong></span> <span class='ocrx_word' id='word_1_166' title='bbox 524 4019 600 4078; x_wconf 69' lang='lat' dir='ltr'><strong>have</strong></span> <span class='ocrx_word' id='word_1_167' title='bbox 613 4019 629 4074; x_wconf 94' lang='grc' dir='ltr'>Ῑ</span> <span class='ocrx_word' id='word_1_168' title='bbox 643 4039 723 4078; x_wconf 88' lang='lat' dir='ltr'><strong>com·</strong></span> <span class='ocrx_word' id='word_1_169' title='bbox 775 4047 878 4086; x_wconf 89' lang='lat' dir='ltr'><strong>canem</strong></span> <span class='ocrx_word' id='word_1_170' title='bbox 896 4047 1012 4086; x_wconf 82' lang='lat' dir='ltr'><strong>versam</strong></span> <span class='ocrx_word' id='word_1_171' title='bbox 1030 4047 1093 4086; x_wconf 86' lang='lat' dir='ltr'><strong>esse</strong></span> <span class='ocrx_word' id='word_1_172' title='bbox 1111 4026 1241 4085; x_wconf 86' lang='lat' dir='ltr'><strong>tradunt.</strong></span> <span class='ocrx_word' id='word_1_173' title='bbox 1270 4027 1341 4086; x_wconf 84' lang='lat' dir='ltr'><strong>Juv.</strong></span> 
     </span>
     <span class='ocr_line' id='line_1_28' title="bbox 155 4114 1342 4188; baseline 0.005 -15"><span class='ocrx_word' id='word_1_174' title='bbox 155 4117 273 4187; x_wconf 77' lang='lat' dir='ltr'><strong>mitted,</strong></span> <span class='ocrx_word' id='word_1_175' title='bbox 294 4116 358 4175; x_wconf 83' lang='lat' dir='ltr'><strong>that</strong></span> <span class='ocrx_word' id='word_1_176' title='bbox 376 4116 391 4173; x_wconf 95' lang='lat' dir='ltr'>I</span> <span class='ocrx_word' id='word_1_177' title='bbox 406 4115 514 4176; x_wconf 87' lang='lat' dir='ltr'><strong>should</strong></span> <span class='ocrx_word' id='word_1_178' title='bbox 531 4118 569 4174; x_wconf 89' lang='lat' dir='ltr'><strong>be</strong></span> <span class='ocrx_word' id='word_1_179' title='bbox 584 4114 724 4174; x_wconf 84' lang='lat' dir='ltr'><strong>ashamed</strong></span> <span class='ocrx_word' id='word_1_180' title='bbox 777 4121 835 4180; x_wconf 85' lang='lat' dir='ltr'><strong>Sat.</strong></span> <span class='ocrx_word' id='word_1_181' title='bbox 851 4121 889 4178; x_wconf 89' lang='lat' dir='ltr'><strong>X.</strong></span> <span class='ocrx_word' id='word_1_182' title='bbox 910 4129 976 4188; x_wconf 78' lang='grc'><strong>271.</strong></span> <span class='ocrx_word' id='word_1_183' title='bbox 1019 4121 1108 4181; x_wconf 88' lang='lat' dir='ltr'><strong>“Sed</strong></span> <span class='ocrx_word' id='word_1_184' title='bbox 1130 4132 1216 4180; x_wconf 87' lang='lat' dir='ltr'><strong>torva</strong></span> <span class='ocrx_word' id='word_1_185' title='bbox 1238 4121 1342 4180; x_wconf 78' lang='lat' dir='ltr'><strong>canino</strong></span> 
     </span>
    </p>
   </div>
   <div class='ocr_carea' id='block_1_11' title="bbox 155 4207 1342 4402">
    <p class='ocr_par' dir='ltr' id='par_1_19' title="bbox 155 4207 1342 4402">
     <span class='ocr_line' id='line_1_29' title="bbox 155 4207 1342 4297; baseline -0.006 -13"><span class='ocrx_word' id='word_1_186' title='bbox 155 4221 188 4270; x_wconf 64' lang='grc' dir='ltr'><em>ω</em></span> <span class='ocrx_word' id='word_1_187' title='bbox 202 4210 326 4289; x_wconf 70' lang='lat' dir='ltr'><strong>⁸P011k?&#39;</strong></span> <span class='ocrx_word' id='word_1_188' title='bbox 357 4210 425 4267; x_wconf 72' lang='lat' dir='ltr'><strong>Vid·</strong></span> <span class='ocrx_word' id='word_1_189' title='bbox 441 4210 537 4268; x_wconf 73' lang='lat' dir='ltr'><strong>GlOSS·</strong></span> <span class='ocrx_word' id='word_1_190' title='bbox 776 4207 913 4278; x_wconf 75' lang='lat' dir='ltr'><strong>Latraoii</strong></span> <span class='ocrx_word' id='word_1_191' title='bbox 928 4218 1013 4288; x_wconf 78' lang='lat' dir='ltr'><strong>rictu,</strong></span> <span class='ocrx_word' id='word_1_192' title='bbox 1029 4239 1096 4296; x_wconf 87' lang='lat' dir='ltr'><strong>quae</strong></span> <span class='ocrx_word' id='word_1_193' title='bbox 1108 4219 1266 4297; x_wconf 80' lang='lat' dir='ltr'><strong>posthunc</strong></span> <span class='ocrx_word' id='word_1_194' title='bbox 1278 4220 1342 4277; x_wconf 87' lang='lat' dir='ltr'><strong>vix-</strong></span> 
     </span>
     <span class='ocr_line' id='line_1_30' title="bbox 196 4313 1341 4402; baseline -0.01 -18"><span class='ocrx_word' id='word_1_195' title='bbox 196 4323 263 4385; x_wconf 82' lang='lat'>615.</span> <span class='ocrx_word' id='word_1_196' title='bbox 305 4322 440 4382; x_wconf 78' lang='lat' dir='ltr'><strong>Hominis</strong></span> <span class='ocrx_word' id='word_1_197' title='bbox 461 4322 642 4402; x_wconf 78' lang='lat' dir='ltr'><strong>inpudentem</strong></span> <span class='ocrx_word' id='word_1_198' title='bbox 669 4343 722 4379; x_wconf 81' lang='lat' dir='ltr'><strong>aa·</strong></span> <span class='ocrx_word' id='word_1_199' title='bbox 774 4325 838 4374; x_wconf 86' lang='lat' dir='ltr'><strong>erat</strong></span> <span class='ocrx_word' id='word_1_200' title='bbox 858 4317 959 4374; x_wconf 82' lang='lat' dir='ltr'><strong>uxor.”</strong></span> <span class='ocrx_word' id='word_1_201' title='bbox 1005 4313 1341 4387; x_wconf 77' lang='lat' dir='ltr'><strong>cic.Tusc.Qu.111.</strong></span> 
     </span>
    </p>
   </div>
   <div class='ocr_carea' id='block_1_12' title="bbox 0 0 1563 5017">
    <p class='ocr_par' dir='ltr' id='par_1_20' title="bbox 0 0 1563 5017">
     <span class='ocr_line' id='line_1_31' title="bbox 0 0 1563 5017; baseline 0 0"><span class='ocrx_word' id='word_1_202' title='bbox 0 0 1563 5017; x_wconf 95' lang='lat' dir='ltr'><strong> </strong></span> 
     </span>
    </p>
   </div>
  </div>
 </body>
</html>
