3084 5017
543 487 870 554 uuumcuum.
1257 482 1302 566 47

217 688 301 761 Ibo:
340 688 536 762 etiamnum
574 685 804 781 reliquiarum
843 707 920 778 spes
955 684 1112 756 animum
1148 682 1301 758 oblectat

364 836 496 885 meum.
1243 814 1300 874 365

218 938 289 1012 Sed
323 937 410 1036 quid
443 940 533 1034 ego?
574 935 677 1009 video
712 930 1004 1007 Menaechmum?
1053 932 1144 1004 Cum
1177 958 1302 1005 corona

366 1063 441 1136 exit
466 1060 579 1133 foras!

217 1189 408 1264 Sublatam
440 1201 495 1262 est
530 1187 749 1262 convivium!
794 1181 936 1279 Edepol
978 1183 1081 1255 venio
1117 1182 1301 1256 advorsum
1353 1268 1356 1273 .

365 1314 516 1411 temperi
530 1316 537 1383 l

594 1484 829 1495 .—--——-—-—

467 1622 575 1686 ACT.
601 1621 673 1683 111.
723 1618 879 1681 SCENA
905 1616 954 1679 II.

302 1856 306 1863 ⁸
374 1790 609 1838 MENAEGHMUS
636 1787 806 1838 SOSICLES.
841 1786 1047 1836 PENICULUS.

120 1924 207 1997 ΜΕ.
222 1922 343 2025 ξρῐὴΐ
366 1935 409 1997 ut
435 1926 602 2022 quiescas,
629 1925 659 1997 si
684 1949 749 2020 ego
775 1924 844 1996 tibi
867 1921 959 1995 hanc
983 1921 1089 1997 hodie
1114 1928 1221 2021 probe

218 2049 429 2148 Lepideque
455 2053 701 2125 concinnatam
727 2048 876 2123 referam
902 2052 1081 2147 temperi?

219 2173 305 2247 Non
332 2201 405 2248 csse
430 2201 508 2248 eam
534 2176 628 2248 dices
654 2174 756 2247 faxo:
787 2176 839 2247 ita
863 2176 1097 2271 ignorabitur.
1249 2195 1306 2253 870

119 2300 193 2372 Pr.
218 2298 361 2372 Pallam
387 2300 433 2373 ad
458 2300 691 2397 phrygionem
718 2298 788 2372 fert
814 2297 972 2373 confecto
997 2301 1157 2398 prandio,

218 2425 388 2523 Vinoque
413 2437 552 2524 expeto,
577 2428 732 2524 parasito
757 2424 900 2504 excluso
925 2423 1026 2498 foras.

219 2550 304 2625 Non
327 2552 469 2626 hercule
494 2555 525 2625 is
550 2578 640 2637 sum,
666 2553 728 2649 qui
753 2577 843 2637 sum,
870 2552 908 2624 ni
934 2549 1027 2623 hanc
1049 2553 1217 2648 iujuriam

222 2678 357 2774 Meque
382 2678 481 2753 ultus
506 2678 627 2775 pulcre
649 2678 767 2752 fuero!
808 2676 1022 2763 Observabo,
1049 2704 1126 2775 quae
1151 2692 1245 2777 agat,

220 2799 324 2874 Hinc
335 2805 491 2899 primum
502 2803 683 2877 homiuem
696 2828 705 2890 3
721 2814 802 2900 post
816 2802 920 2876 adibo
933 2813 1040 2899 atque
1054 2801 1231 2900 adloquar.
1251 2822 1307 2881 375

120 2928 209 3001 ΜΕ.
225 2927 320 3000 Proh
347 2930 385 3001 di
410 2929 628 3015 inmortales,
655 2930 737 3027 quoi
762 2929 901 3001 homini
927 2953 1085 3024 unquam
1111 2954 1183 3002 uno
1207 2931 1265 3004 die

221 3054 316 3127 Boni
341 3055 491 3130 dedistis
516 3056 607 3154 plns,
635 3057 696 3153 qui
721 3057 840 3128 minus
867 3054 1084 3151 speraverit?

118 3226 157 3257 vv.
172 3208 300 3257 Md.
315 3209 392 3257 lamb.
412 3210 484 3257 Trim.
528 3210 580 3258 370.
595 3209 662 3266 Eam,
681 3210 808 3267 monosyll.
835 3208 926 3270 [Supra
942 3207 1008 3269 363]
1055 3209 1108 3256 375.
1124 3208 1239 3269 Primam,
1260 3228 1307 3260 non

236 3282 354 3342 liquescit.
393 3285 446 3333 376.
463 3285 532 3345 Quoi,
547 3284 616 3333 litera
629 3287 638 3331 i
652 3292 744 3332 tantum
759 3284 815 3332 elid.
833 3283 912 3345 [Insra
925 3281 991 3343 525.]
1032 3284 1084 3331 377.
1100 3282 1189 3333 Miuu'.

159 3428 226 3489 366.
272 3428 344 3488 Cum
357 3429 492 3508 corona]
512 3427 690 3487 Vid.Gloss.
780 3436 847 3495 373.
888 3428 956 3486 Non
970 3427 997 3485 t's
1010 3448 1072 3486 sum
1085 3428 1135 3507 qai
1148 3449 1219 3499 sum,
1234 3429 1309 3508 etc]

119 3534 150 3584 et
171 3526 339 3583 Comment.
363 3524 402 3584 ad
426 3525 582 3602 Aristoph.
609 3524 690 3582 Plut.
740 3523 866 3582 Confert
878 3524 982 3582 Ianua.
1004 3522 1095 3582 Hom.
1112 3524 1157 3581 In.
1173 3525 1214 3583 II.
1229 3533 1294 3594 259.

122 3627 208 3679 1041·
696 3650 703 3664 ·
740 3637 864 3693 “Μηκε’τ’
890 3636 970 3683 ἔπειτ’
996 3638 1095 3693 Ὀδυσῆὶ
1121 3639 1182 3698 κάρη
1208 3639 1310 3699 ὤμοισιν

121 3744 150 3791 Γ.
164 3742 274 3788 “'Eorxc
289 3741 309 3787 δ’
324 3741 368 3787 ἐπὶ
382 3744 463 3803 κῶμον
477 3742 597 3801 βαδίζειν.
771 3712 911 3839 Μήδξξθῖη,
990 3784 996 3801 Ι
1129 3784 1135 3799 ἱ
1265 3786 1271 3801 ,

120 3822 154 3866 X.
204 3818 379 3877 Στεφάνους
397 3835 428 3879 γε
445 3836 487 3865 τοι
503 3818 544 3865 καὶ
559 3819 611 3879 δᾷδ’
627 3818 691 3879 ἔχων
845 3802 884 3829 ⁶⁴¹²
895 3784 1052 3844 Τηλεμαχοω
1064 3802 1150 3843 '‘m‘'
1165 3786 1310 3846 κεκλημενθῗ

236 3916 287 3957 ‘top
289 3915 382 3944 eeeeee
383 3896 396 3915 ’¹
771 3937 801 3980 El
830 3861 915 3951 ⁶32⁹ss
1005 3934 1020 3954 ‚‚

816 3953 849 3996 μη
865 3950 1001 3995 εγω.........

162 4029 229 4090 368.
269 4029 389 4108 Hanc]
423 4029 545 4097 Pallam,
570 4028 691 4105 deque
780 4035 845 4093 374.
891 4025 1004 4106 Ultra]
1042 4025 1165 4103 Duplici
1196 4029 1309 4107 signifi.

122 4128 222 4204 Supra
247 4133 314 4185 332.
362 4124 440 4183 Haec
461 4133 562 4182 autem
585 4123 692 4181 Erotio
741 4122 857 4181 catione
880 4121 927 4191 ad,
953 4122 1028 4179 hanc
1051 4121 1200 4201 injuriam,
1225 4127 1310 4202 (take

120 4220 164 4279 ait
189 4217 396 4279 Menaechmus
423 4217 559 4285 Sosicles,
587 4217 625 4274 ab
648 4238 691 4285 ea,
742 4236 912 4294 vongeance
928 4217 1001 4294 for,)
1024 4236 1135 4295 meque,
1155 4220 1308 4301 (wenge)

121 4318 260 4378 confecto
277 4315 414 4396 prandio,
436 4334 557 4375 exeuns.
743 4311 880 4369 refertur.
