3084 5017
250 455 316 522 136
668 450 977 516 GLOSSARIUM

303 673 351 732 78.
386 647 659 741 Conburamus]
693 657 802 720 Burm.
849 660 931 721 Nam
960 670 1093 718 mortuos
1120 659 1152 717 in
1182 678 1289 736 rogum
1321 677 1397 715 com-

245 805 366 866 ponere,
391 796 421 842 et
447 783 621 840 comburere
644 800 708 838 mos
731 790 802 837 erat.
843 776 1143 855 Virg.AEn.1.374.
1185 777 1295 833 “Ante
1318 774 1397 832 diem

245 900 346 960 clauso
372 903 515 976 componet
539 895 654 973 Vesper
680 893 840 970 Olympo.”
881 891 957 952 Hor.
977 889 1035 948 Od.
1057 890 1109 947 IV.
1128 911 1156 948 v.
1175 898 1222 959 29.
1265 897 1285 922 “
1294 886 1393 946 Condit

245 1013 373 1090 quisque
393 1009 473 1068 diem
497 1007 622 1068 collibus
644 1008 675 1065 in
699 1009 787 1067 suis.”

303 1171 349 1222 so.
384 1133 636 1240 Uinbilicum]
694 1155 765 1219 Pie
791 1141 917 1219 middle.
982 1160 1140 1237 Ὀμφαλό..
1191 1159 1394 1238 metaphorice

245 1294 414 1364 usurpatur.
454 1282 520 1340 Liv.
536 1280 664 1339 XXXV.
682 1285 726 1339 18.
766 1276 858 1352 “Qui
880 1278 1043 1338 umbilicum
1061 1281 1188 1340 Graecioe
1205 1279 1392 1339 incolerent?

245 1402 306 1461 Cic.
326 1400 373 1458 De
392 1398 461 1456 Div.
481 1397 522 1454 11.
544 1403 609 1456 115.
655 1393 744 1466 “Qui
769 1389 932 1451 umbilicum
954 1404 1101 1453 terrarum
1124 1395 1271 1454 obsides.”
1310 1394 1393 1451 Verr.

245 1514 298 1572 IV.
319 1510 382 1572 106.
424 1505 513 1581 “Qui
536 1507 628 1575 locus,
654 1505 736 1583 quod
759 1504 792 1563 in
814 1504 913 1563 media
939 1515 984 1563 est
1010 1503 1108 1564 insula
1134 1506 1217 1575 situs,
1243 1504 1394 1563 umbilicus

243 1623 353 1683 Sieilioe
380 1619 576 1679 nominatur.”
624 1615 741 1685 Milton,
770 1614 882 1673 Comus.
924 1613 1070 1673 “Within
1092 1615 1139 1673 lbe
1165 1615 1251 1675 nauel
1277 1616 1314 1674 of
1334 1615 1393 1673 this

241 1737 368 1797 hideous
385 1730 498 1791 woodx’
538 1729 659 1798 conius,
680 1728 741 1786 oue
757 1736 785 1787 ιο
803 1726 934 1807 Lueriy.
977 1699 1110 1788 «must
1129 1730 1180 1789 the
1198 1751 1292 1808 green
1310 1727 1393 1788 navet

240 1854 276 1912 of
291 1871 347 1909 our
366 1848 446 1906 isle.'’
487 1845 579 1903 Plura
599 1843 709 1902 videsis
728 1843 811 1921 apud
834 1842 944 1902 Gnosi:
972 1844 1052 1902 Lect.
1075 1844 1175 1904 Plaul.

295 2047 346 2058 ..
369 1988 626 2082 Dimidiatus]
676 2002 875 2062 Subtilissime
887 2002 926 2061 de
938 2003 996 2062 hoc
1009 2007 1102 2064 verbo
1114 2004 1249 2083 disputat
1263 2008 1300 2064 A.
1316 2004 1395 2064 Gell.

242 2131 301 2190 111.
320 2145 385 2186 xiv.
425 2122 641 2182 ''Dimidialum
665 2130 710 2181 est
739 2122 823 2199 quasi
850 2121 1060 2193 dismedialum,
1084 2135 1114 2184 et
1137 2125 1168 2183 in
1191 2137 1293 2205 partes
1319 2126 1393 2184 duas

240 2235 326 2323 pares
347 2237 486 2303 divisum,
509 2232 690 2292 dimidiatum
712 2253 786 2310 ergo
806 2233 863 2290 nisi
883 2234 983 2312 ipsum
1007 2234 1089 2312 quod
1109 2234 1240 2294 divisum
1263 2247 1310 2294 est
1332 2235 1392 2295 dici

239 2356 321 2417 haud
348 2353 494 2414 convenit.
541 2349 702 2408 Dimidium
726 2368 798 2407 vero
822 2360 949 2409 estnon
977 2348 1059 2428 quod
1084 2349 1184 2428 ipsum
1210 2336 1392 2408 dimidiatum

240 2480 294 2539 est,
319 2465 372 2526 sed
393 2483 460 2543 quae
484 2481 518 2520 ex
537 2459 688 2520 dimidiato
706 2479 776 2537 pars
794 2459 887 2518 altera
908 2471 975 2518 est..
987 2505 993 2516 .
1005 2461 1195 2539 ..Propterea
1214 2462 1342 2521 Plautus
1359 2463 1391 2520 in

241 2579 348 2642 Bacch.
379 2575 539 2636 Dimidium
572 2572 641 2632 auri
669 2573 751 2641 dicit,
783 2592 844 2630 non
873 2572 1067 2631 Dimidiulum
1095 2594 1207 2631 aurum.
1254 2575 1392 2633 Item-in

241 2687 352 2754 Aulul:
379 2687 539 2747 Dimidium
560 2684 678 2755 obsonii,
700 2683 747 2762 [v.
762 2686 849 2763 244]
865 2705 926 2743 non
945 2684 1137 2744 Dimidiutum
1156 2685 1313 2745 obsonium.
1355 2689 1392 2746 In

241 2804 419 2866 Menaechm.
440 2814 540 2859 autem
564 2796 758 2856 Dimidiutum
782 2794 865 2865 diem,
887 2816 946 2853 non
972 2795 1164 2855 Dimidium.“
1209 2798 1259 2857 Sic
1281 2798 1388 2859 Bacch.
1506 2785 1513 2800 ’

240 2919 319 2979 Ptol.
342 2924 389 2978 50.
429 2906 637 2970 “Dimidium
657 2907 788 2985 imputes
810 2906 864 2965 has
887 2906 912 2965 si
934 2905 1074 2968 videres.'’

298 3089 344 3140 81.
393 3066 553 3142 Concede
576 3060 676 3153 huc]
725 3069 831 3132 Druu
849 3071 915 3132 thu
931 3089 1013 3151 may.
1062 3075 1146 3134 Infra
1163 3084 1230 3144 723.
1248 3084 1315 3143 733.
1334 3080 1386 3137 dc.

294 3295 345 3308 -
390 3242 507 3335 Fiat]
556 3251 606 3330 Be
623 3252 651 3312 il
666 3271 701 3313 80
713 3275 724 3322 ‚·
754 3252 870 3313 Iwill.
919 3255 1061 3316 Formula
1078 3259 1273 3335 obsequendi.
1313 3262 1387 3319 Cur.

238 3380 296 3441 cul.
310 3375 376 3438 666.
418 3372 463 3430 Pl.
478 3373 551 3430 “Mi
572 3373 673 3442 frater,
699 3372 796 3450 cupio.
839 3371 896 3429 Tic
910 3372 1007 3431 Fiats’
1027 3377 1080 3433 &c

292 3583 344 3596 ...
368 3528 507 3622 Licet]
540 3539 628 3603 Well.
655 3531 828 3604 1363130.
845 3554 908 3606 141.
949 3548 1005 3605 Est
1017 3548 1221 3619 assentientis3
1242 3563 1274 3611 et
1287 3555 1386 3632 saepis·

237 3673 310 3730 sime
331 3665 413 3747 apud
431 3666 575 3724 Nostrum
597 3665 734 3724 occurrit.
776 3664 864 3724 Cure.
878 3673 925 3735 95.
967 3665 1026 3723 Pu.
1044 3666 1266 3728 “Occuloemus
1284 3671 1384 3730 lumen

237 3793 267 3843 et
287 3800 399 3841 vocem.
440 3775 504 3834 Pal.
535 3775 655 3834 *Licelst
673 3779 726 3836 &c

292 3956 339 4009 82.
387 3933 512 4027 Cam]
563 3945 686 4017 Cacum·
704 3944 773 4024 (seu
789 3950 903 4026 cauum)
921 3948 1035 4008 latebra
1051 3951 1191 4009 serarum.
1228 3952 1309 4012 Hor.
1325 3955 1385 4014 sat·

235 4075 277 4133 11.
292 4091 336 4130 v1.
352 4077 398 4130 80.
439 4070 587 4129 “Murem
600 4090 668 4128 mus
680 4088 814 4148 paupere
826 4071 922 4130 fertur
935 4071 1097 4150 Accepisse
1109 4076 1208 4132 cauu.”
1229 4086 1302 4134 etv.
1319 4075 1383 4137 116.

237 4184 424 4262 ‘'Cauusque
447 4182 547 4241 Tutus
567 4184 606 4241 ab
632 4181 776 4242 insidiis.’'
816 4179 911 4244 Aliud
937 4194 983 4244 est
1005 4203 1103 4255 cauea,
1127 4187 1160 4246 in
1181 4207 1242 4265 qua
1263 4189 1382 4250 clutbtis

235 4304 265 4352 et
286 4292 423 4353 cancellis
442 4293 514 4350 feroe
534 4291 657 4368 captiva
678 4291 876 4352 continentur.
