3084 5017
546 508 596 569 ΙΝ
625 508 950 571 MENAECHMEI.
1248 506 1314 568 155

230 712 297 765 225.
338 694 505 787 Audin‘.]
545 706 646 767 Harlu
668 727 715 787 ys.
763 713 906 773 Audisse.
940 710 984 769 Ut
1006 709 1092 779 Vim
1115 708 1231 771 Satiu';
1252 710 1306 767 &e

230 901 296 961 226.
342 891 525 984 Dudum]
567 904 648 965 Just
670 923 753 965 now·
795 906 949 984 Significat
964 902 1152 961 intervallum
1165 900 1317 979 quoddam

172 1027 314 1104 temporis
327 1026 537 1097 minusculum,
551 1048 611 1086 non
625 1028 694 1087 satis
707 1037 843 1087 accurate
856 1023 1020 1083 definitum.
1056 1021 1154 1098 Supra
1167 1020 1246 1078 Prol.
1260 1027 1306 1086 57.

229 1261 279 1271 -
328 1209 545 1303 Pollicitus]
599 1224 733 1283 Subaud.
754 1244 791 1282 es.
832 1223 930 1301 Supra
949 1229 997 1291 97.
1038 1220 1121 1278 Infra
1139 1226 1206 1278 228.
1221 1222 1275 1278 &c

228 1412 295 1463 230.
348 1395 541 1487 Multum]
599 1404 766 1475 Tedious;
793 1404 1024 1483 importunum.
1076 1400 1195 1461 Dicitur
1220 1403 1258 1461 de
1281 1422 1317 1460 eo

171 1525 224 1602 qui
247 1525 373 1582 nimium
394 1525 437 1583 rei
461 1525 548 1583 alicui
572 1536 602 1584 et
622 1526 737 1603 prolixe
760 1545 791 1582 se
812 1523 955 1601 applicat:
984 1523 1235 1603 quemadmodum
1260 1522 1322 1583 hou

170 1634 235 1692 loco
254 1632 372 1691 videtur
394 1633 555 1710 Cylindrus
577 1635 683 1704 facere,
706 1643 928 1711 perseveranter
948 1632 1135 1692 Menaechmo
1155 1630 1316 1689 adhaerens.

170 1740 232 1797 Cic.
247 1739 303 1798 De.
318 1740 400 1798 Orat.
415 1740 456 1797 ΙΙ.
472 1748 517 1807 87.
539 1740 579 1797 ud
586 1740 646 1815 fia.
689 1746 708 1773 “
716 1740 748 1797 N
750 1761 765 1798 e
786 1741 818 1797 in
836 1761 868 1799 re
887 1752 957 1799 nota
974 1752 1005 1799 et
1021 1740 1197 1819 pervulgata
1213 1736 1318 1794 multus

170 1863 200 1910 et
212 1852 341 1911 insolens
355 1853 410 1909 sim
420 1855 450 1909 :”
469 1850 689 1932 (Wearisome.)
730 1853 841 1911 Giton:
862 1853 944 1912 Lect.
956 1852 1053 1911 Plaut.
1073 1856 1090 1875 ”
1101 1850 1215 1909 Multus
1228 1848 1316 1917 homo,

170 1983 225 2040 pro
242 1963 348 2021 tetrico
366 1982 540 2040 morosoque
561 1973 591 2020 et
611 1963 783 2039 importuno
790 1984 799 2032 ;
825 1983 914 2040 quem
934 1963 1033 2021 Groeci
1049 1963 1185 2042 φορτικόν
1204 1960 1319 2019 dicunt.

169 2072 275 2129 Afran.
301 2071 382 2148 apud
410 2072 558 2129 Nonium:
584 2070 712 2129 “Multa
738 2092 779 2139 es,
806 2082 837 2130 et
862 2072 985 2130 molesta
1009 2074 1165 2131 multum.”
1209 2070 1319 2130 Catull.

170 2182 230 2259 Ep.
244 2181 344 2240 CXII.
390 2181 534 2239 “Multus
554 2182 643 2239 homo
666 2203 707 2251 es,
728 2182 837 2241 Naso.”
881 2184 996 2243 Latinis
1016 2183 1122 2242 multus
1144 2205 1261 2264 semper
1285 2185 1318 2243 in

171 2294 277 2351 malam
295 2303 411 2370 partem
428 2312 484 2370 pro
503 2292 652 2351 ardelione
674 2304 835 2371 usurpatur
853 2304 883 2352 et
901 2304 1028 2372 satages.
1070 2296 1139 2355 Tac.
1158 2296 1239 2355 Hist.
1255 2295 1319 2353 III.

171 2410 217 2463 52.
258 2402 405 2460 “Nimius
422 2403 485 2481 jam
505 2402 682 2461 Antonius.”
704 2402 769 2481 (ie.
789 2424 849 2461 non
870 2405 1020 2476 ferendus,
1040 2407 1280 2486 intolerabilis.)“

225 2629 276 2639 ..
322 2577 527 2670 Odiosum]
581 2586 775 2660 Vesulious;
802 2590 1018 2652 troublascme.
1067 2597 1150 2656 Infra
1169 2606 1235 2657 404.
1250 2607 1316 2666 783.

171 2711 253 2769 Pers.
267 2718 333 2769 234.
374 2709 485 2769 Pseud.
499 2717 545 2768 28.
559 2712 612 2769 &o
658 2711 694 2768 In
714 2710 835 2771 Curcul.
852 2718 916 2781 189.
962 2712 1096 2771 “Odium
1116 2736 1165 2775 me
1185 2722 1318 2777 vocas?”

172 2822 278 2903 (Angl.
304 2822 329 2879 A
351 2820 439 2899 bore.)
485 2820 553 2879 Ter.
572 2821 693 2878 Phorm.
716 2821 752 2877 V.
775 2840 834 2879 vir.
857 2831 904 2881 44.
949 2823 1012 2882 “Si
1032 2845 1122 2902 porro
1143 2848 1206 2886 esse
1229 2829 1320 2889 odiosi

169 2933 322 3013 pergitis.”
353 2932 469 2990 Phaedr.
484 2932 557 2991 Fab.
573 2932 615 2988 II.
630 2952 658 2989 v.
672 2940 699 2990 4.
729 2931 952 2992 “Ardelionum
966 2935 1184 2996 natio....Sibi
1195 2940 1320 2999 molesta

171 3058 202 3105 et
220 3046 285 3103 aliis
304 3041 508 3103 odiosissimu.”
553 3043 613 3102 Cic.
634 3046 697 3101 Att.
717 3044 756 3101 X.
777 3052 821 3111 17.
843 3045 907 3103 init.
953 3047 1156 3126 “Lippitudo,
1183 3071 1243 3109 non
1268 3052 1320 3111 illa

171 3158 295 3235 quidem
314 3154 493 3234 perodiosa.”
521 3156 618 3235 (Very
639 3155 815 3236 annoying.)
864 3157 911 3215 De
934 3160 1138 3220 terminatione
1160 3166 1321 3225 verborum

170 3260 203 3328 in
216 3290 292 3338 osus,
308 3268 465 3345 Nigidium
479 3267 550 3326 citat
562 3266 601 3324 A.
613 3266 689 3325 Gell.
702 3266 758 3325 IV.
775 3287 816 3325 rx.
850 3268 945 3326 ”Hoc
957 3268 1200 3329 inclinamentum
1213 3272 1318 3352 hujus·

172 3383 287 3445 cernodi
308 3384 478 3449 verborum,
501 3391 534 3438 ut
554 3379 677 3448 vinosus,
701 3378 879 3449 mulierosus,
903 3402 1072 3451 nummosus,
1094 3382 1192 3460 signat
1210 3383 1318 3463 copiam

172 3494 316 3575 quandum
336 3490 510 3551 imumdicum
529 3491 582 3559 rei,
597 3510 687 3568 super
702 3510 761 3567 qua
775 3489 916 3548 dicitur.“
956 3490 1075 3562 Quibus
1087 3491 1172 3550 addit
1184 3492 1299 3551 Gellius
1307 3515 1317 3563 3

171 3606 282 3665 ”Licet
308 3603 408 3661 omnia
434 3602 600 3660 istiusmodi
623 3602 833 3660 inclinamenta
855 3602 980 3660 nimium
1003 3623 1037 3661 ac
1063 3614 1172 3680 praeter
1195 3604 1321 3665 modum

173 3719 348 3796 significant,
372 3736 432 3773 non
457 3734 573 3792 semper
596 3714 626 3771 iu
648 3713 771 3793 culpam,
793 3714 953 3792 imo'saepe
976 3714 1006 3772 iu
1027 3714 1139 3773 laudem
1157 3716 1317 3787 dicuntur;

172 3840 208 3887 ut
234 3828 405 3907 ingeniosus,
424 3824 584 3902 formosus,
610 3828 680 3884 &c.:
717 3826 769 3883 sed
798 3835 828 3882 et
858 3826 922 3884 haec
955 3847 1075 3904 quoque
1103 3812 1328 3888 incrementum*

173 3944 323 4023 quoddam
342 3941 469 3999 nimium
489 3940 722 3999 demonstrant.“

220 4136 287 4188 232.
335 4117 510 4203 Quamvis
535 4112 736 4205 ridiculus]
792 4123 944 4202 Agreut
972 4144 1055 4203 wag.
1096 4128 1232 4195 Trinum.
1251 4129 1318 4197 763.

174 4240 341 4306 “Quamuis
362 4240 445 4317 longi
468 4242 642 4298 sermones.”
694 4240 730 4298 In
744 4240 880 4299 versibus
894 4240 1012 4299 AEneidi
1026 4242 1164 4319 praefixis,
1179 4252 1206 4302 3.
1248 4243 1323 4303 “Ut

174 4363 303 4443 quumvis
324 4362 409 4421 uvido
429 4373 567 4439 parerent
588 4382 659 4421 arva
679 4360 809 4420 colono.’'
849 4360 929 4420 Vide
950 4362 1031 4419 Nott.
