3084 5017
536 473 863 538 MENAECHMEI.
1229 479 1297 546 109

101 679 187 750 ΜΕ.
205 677 241 750 S.
261 678 373 775 Signa
390 679 538 774 agnovi:
557 676 741 782 contineri,
761 677 849 772 quin
865 676 1077 773 conplector,
1094 702 1166 749 11011
1184 681 1292 775 queo!

206 801 268 874 Mi
289 825 456 900 germane
478 803 620 900 gemine
640 800 760 886 freter,
786 800 899 875 salve!
933 801 1016 899 Ego
1038 823 1115 874 oum
1136 802 1293 876 Sosicles.

101 929 191 1002 ΜΕ.
210 928 400 1016 Quomodo
424 930 538 1027 igitur
566 939 646 1026 port
674 925 902 1001 Meuaeohmo
923 953 1052 1000 nomen
1079 939 1134 1002 est
1160 928 1294 1002 foetum

357 1054 454 1128 tibi?

101 1179 193 1252 ΜΕ.
208 1177 245 1251 S.
263 1179 460 1276 Postquam
484 1177 531 1251 ad
545 1203 611 1250 uos
627 1178 874 1251 renuntiatum
892 1189 946 1252 eet
962 1178 1013 1252 de
1029 1190 1077 1264 te,
1103 1191 1141 1253 et
1157 1190 1293 1277 patrem

354 1314 543 1388 mortuom,
1221 1319 1295 1372 1005

208 1429 311 1502 Avos
327 1429 482 1504 mutavit
499 1439 638 1514 noster3
666 1429 733 1501 tibi
751 1428 846 1524 quod
862 1452 991 1524 nomen
1008 1442 1073 1517 est,
1091 1431 1177 1506 feeit
1193 1431 1294 1505 mihi.

102 1551 194 1627 ΜΕ.
209 1554 336 1640 oredo,
347 1556 400 1628 ita
411 1579 486 1628 esse
498 1553 645 1638 factum,
657 1563 700 1626 ut
711 1553 810 1626 dieis.
839 1553 911 1627 Sed
920 1556 971 1626 mi
984 1552 1244 1655 hoerespoude.

1025 1679 1111 1754 Mu.
1123 1684 1160 1756 S.
1176 1681 1294 1783 Roga.

104 1802 197 1877 ΜΕ.
212 1804 323 1893 Quod
336 1816 413 1880 erat
424 1831 553 1880 nomeu
565 1816 693 1878 uortrae
704 1805 839 1878 matri?

629 1931 716 2004 ΜΕ.
727 1932 765 2004 S.
783 1931 1074 2008 Theuoimarehe.

1003 2059 1089 2134 ΜΕ.
1109 2063 1295 2138 Convenit.

210 2179 246 2252 O
269 2181 373 2267 salve,
400 2183 588 2280 insperate,
614 2184 739 2258 multis
756 2187 859 2258 anuis
880 2198 961 2282 post
982 2210 1088 2283 quem
1106 2190 1296 2286 conspicor,

210 2307 355 2380 Frater!

319 2432 404 2505 ΜΕ.
419 2431 456 2504 S.
476 2432 531 2507 Et
541 2445 595 2519 tu,
607 2459 713 2532 quem
725 2460 792 2532 ego
800 2435 928 2508 multis
937 2436 1098 2521 miseriis,
1107 2435 1298 2524 laboribus,

208 2556 337 2654 Usque
367 2556 484 2632 adhue
511 2561 665 2655 quaesivi,
696 2584 872 2656 quemque
903 2585 968 2658 ego
1005 2587 1079 2636 esse
1110 2563 1296 2637 inventum

357 2681 514 2782 gaudeo!
1223 2706 1294 2758 1031

107 2808 217 2883 Mus,
234 2807 320 2882 Hoc
345 2821 431 2896 erat,
463 2810 557 2908 quod
581 2810 655 2885 haee
680 2824 717 2885 te
741 2811 911 2884 meretrix
937 2810 1044 2908 hujus
1066 2814 1213 2888 vocabat
1235 2841 1297 2889 no-

358 2934 477 3012 mine:

210 3059 326 3135 Huuo
346 3065 512 3138 censebat
527 3074 564 3138 te
582 3090 667 3150 esse,
693 3063 808 3149 oredo,
832 3088 939 3160 quom
956 3076 1058 3138 vooat
1076 3075 1114 3138 te
1130 3065 1177 3138 ad
1192 3089 1298 3162 prau-

359 3189 470 3265 dium.

109 3309 197 3388 ΜΕ.
212 3305 381 3414 Namque
392 3310 516 3415 edepol
529 3315 588 3391 hio
600 3319 651 3390 mi
665 3315 772 3391 hodie
781 3319 872 3414 jussi
883 3319 1074 3416 prandium
1087 3319 1297 3417 adpararier,

210 3435 316 3514 Clam
346 3467 463 3515 meam
491 3465 656 3516 uxorem:
691 3443 775 3538 quia
805 3441 936 3539 pal-lam
969 3444 1129 3540 subripui
1161 3442 1297 3516 dudum

363 3571 479 3657 domo,
1224 3585 1299 3639 1035

108 3721 133 3756 v.
148 3706 216 3758 1026.
244 3707 311 3768 Avo’,
327 3708 420 3771 [Supra
428 3707 495 3758 Prol.
504 3709 554 3772 44]
587 3711 654 3759 1030.
670 3709 750 3768 Quem,
765 3725 815 3758 uon
827 3710 943 3770 liquescit.
973 3708 1039 3758 1032.
1050 3705 1137 3771 Hojo’.
1166 3710 1231 3759 1034.
1244 3709 1298 3770 Mu

505 3781 543 3832 B:
559 3785 624 3842 mihi,
639 3783 788 3832 inconciuuis
801 3782 912 3832 numeris.

153 3877 239 3935 1022.
283 3873 442 3945 Contineri,
464 3875 533 3956 quio
553 3875 681 3955 001111100-
774 3883 857 3936 1014.
887 3872 996 3934 Nomen
1019 3873 1193 3956 estfactum
1217 3877 1299 3956 rior]

112 3978 169 4040 tur,
183 3989 247 4028 oron
264 3967 363 4050 queo]
395 3967 428 4027 ‘I
443 3980 550 4030 cannot
567 3971 682 4029 contoin
732 3967 810 4027 Vide
823 3967 920 4027 Gloss.
933 3967 966 4026 in
979 3989 1007 4028 v.
1024 3979 1049 4028 1.
1082 3969 1166 4029 Infra
1182 3969 1266 4030 1026.

112 4061 233 4142 myoeffi'
275 4064 372 4123 Sensu
394 4065 503 4135 medio,
527 4075 562 4125 ut
586 4065 683 4144 Supra
1019 4123 1025 4134 .
1141 4127 1148 4139 .

115 4163 181 4224 170.
203 4156 281 4216 uod.
298 4161 383 4224 1011.
774 4130 858 4182 ¹⁰2⁸·
900 4122 1069 4202 convene]
1094 4126 1224 4203 ‘Rubi'
1240 4126 1300 4188 Su·

114 4267 130 4290 “
143 4265 180 4314 3⁸
194 4266 303 4326 p1⁰sect⁰
320 4267 370 4314 est!
396 4265 526 4326 Contineri,
548 4269 605 4328 quin
626 4285 681 4320 cou-
733 4235 788 4294 pm
803 4222 886 4275 1⁰⁰8·

172 4344 273 4404 plector,
289 4359 337 4392 nou
353 4343 440 4402 queo.”
