3084 5017
565 463 893 529 mnumcuunr.
1283 467 1327 548 aa

126 667 221 741 ΜΕ.
242 668 304 741 So.
330 668 480 741 Dictum
507 665 656 773 facessas
682 665 839 750 doctum,
864 675 901 739 et
927 664 1105 741 discoveas
1129 666 1240 741 malo!

233 793 412 868 Molestus
437 818 483 867 ne
509 795 574 867 ais!
600 817 673 865 non
698 804 762 865 tuo
787 790 855 864 hoc
879 792 943 867 fier
968 792 1092 867 modo!

1081 917 1188 993 Mas.
1216 914 1328 1001 Hem,

233 1043 324 1115 Illoc
348 1043 444 1115 enim
470 1044 575 1116 verbo
601 1068 675 1116 esse
700 1066 758 1114 me
785 1066 918 1115 servom
946 1043 1036 1115 scio!

233 1164 319 1240 Non
343 1167 465 1264 potuit
488 1168 610 1263 paucis
635 1165 740 1263 plura
764 1165 870 1263 plane
894 1165 1066 1263 proloqui.

156 1377 160 1384 .
233 1292 372 1367 Verum
399 1304 473 1367 tam
499 1318 634 1390 nequeo
660 1293 847 1376 contineri,
873 1292 959 1388 quin
984 1291 1118 1388 loquar.
1277 1310 1331 1369 170

235 1416 350 1503 Audi,
378 1417 612 1491 Menaechme.
665 1417 787 1504 Quom
813 1416 961 1513 inspicio
987 1417 1225 1515 marsupium

233 1541 411 1617 Viaticati
437 1544 554 1619 hercle
579 1544 771 1651 admodum
798 1544 918 1617 aestive
943 1566 1074 1615 sumus.

235 1666 303 1738 Nae
330 1679 371 1741 tu
394 1667 522 1754 hercle,
549 1669 682 1766 opinor,
709 1668 780 1740 nisi
804 1666 947 1739 domum
972 1666 1167 1749 revorteris‚

234 1793 313 1867 Ubi
336 1795 391 1868 nil
414 1794 571 1881 habebis,
596 1796 782 1893 geminum
806 1793 892 1866 dum
918 1794 1054 1889 quaeris,
1080 1818 1210 1890 gemes.

236 1916 333 1991 Nam
358 1920 411 1992 ita
433 1921 530 1993 istaec
554 1919 740 1993 hominum
762 1918 861 1991 natio
888 1928 942 1991 est
967 1910 1206 2014 Epidamnia:
1277 1932 1331 1991 175

235 2043 444 2142 Voluptarii
469 2058 576 2143 atque
600 2056 779 2143 potatores
803 2043 975 2127 maxumi,

131 2235 158 2266 r.
174 2220 226 2267 170.
246 2219 377 2277 contineri,
393 2221 432 2269 Ita
447 2221 512 2269 dedi.
536 2221 586 2281 (Ut
599 2220 662 2268 intra
674 2220 742 2268 lota.
759 2218 826 2266 Rud.
842 2218 907 2265 1072.
920 2218 980 2275 etc.)
996 2217 1031 2264 B:
1049 2219 1173 2265 continere.
1195 2216 1258 2266 Edd.
1274 2234 1333 2265 nou-

373 2294 458 2352 nulln,
474 2296 514 2343 Me
528 2311 613 2357 nequeo
627 2297 750 2353 continere,
765 2295 830 2354 quod
844 2302 945 2341 menum
959 2293 1103 2351 pessumdat.

175 2432 241 2493 166.
282 2432 402 2493 Dictum
410 2433 550 2514 facessas
565 2435 704 2514 doctrin]

135 2528 249 2585 ‘Come
275 2527 346 2587 let's
369 2529 445 2589 have
467 2550 545 2589 none
572 2531 608 2587 of
629 2550 706 2609 your

133 2620 207 2679 wise
220 2624 316 2680 saws!
351 2622 421 2681 Noli
434 2623 507 2681 mihi
521 2624 662 2702 argutari,
676 2636 707 2683 et

133 2717 297 2776 sententias
308 2718 468 2778 funditore.
508 2718 589 2778 Pan.

175 2853 242 2914 168.
284 2854 359 2913 Illoc
381 2856 455 2914 enim
482 2856 593 2936 verbo]
635 2858 707 2916 Rea·

135 2950 211 3028 picit
223 2949 376 3009 mordacia
393 2951 444 3009 illa
457 2952 557 3021 verba,
579 2952 647 3010 Non
660 2960 709 3010 tao

135 3046 253 3122 laocfiet
266 3045 355 3104 modo.
386 3046 459 3105 Vid.
472 3048 551 3106 infra
564 3056 630 3108 848.

176 3181 241 3239 172.
288 3171 426 3230 Viaticati
459 3173 583 3251 raetica]
631 3171 709 3230 Vide

136 3267 234 3326 Gloss.
254 3266 357 3325 Variae
374 3268 466 3346 hujus
482 3268 541 3327 loci
563 3269 708 3346 interpre-

134 3360 264 3420 tationes
273 3361 479 3438 proferuntur‚
494 3364 709 3441 quarumillam

136 3458 280 3516 Lambini
298 3458 427 3537 praetuli.
468 3458 607 3517 ’'AEatioe
624 3458 709 3517 viati-

137 3552 195 3611 cati
219 3562 303 3621 sunt,
331 3553 460 3611 tenuiter
481 3564 512 3611 et
534 3563 658 3631 anguste
680 3565 711 3612 et

136 3670 225 3727 parce
241 3649 375 3708 viaticati
384 3672 393 3721 ;
417 3670 551 3709 sermone
569 3651 711 3711 translato

138 3746 225 3805 abiis
246 3745 301 3823 qui
315 3744 419 3814 vestiti,
440 3745 478 3804 ad
496 3767 545 3805 eos
558 3747 612 3824 qui
625 3745 710 3804 viati-

138 3840 196 3898 cati
224 3848 306 3898 sunt.
347 3839 456 3897 Dicere
482 3840 561 3898 enim
584 3840 711 3898 solemus

139 3934 272 4012 aliquem
282 3930 381 3991 oeetioe
391 3931 529 4003 vestitam,
545 3932 711 4011 quileviter

139 4039 168 4087 et
193 4026 338 4106 expedite
367 4026 493 4086 vestitus
525 4038 578 4087 eat.
625 4027 712 4086 'Nam

764 2433 781 2455 “
792 2430 898 2479 Ventilet
905 2432 1007 2478 <estivam
1014 2427 1091 2486 digitis
1098 2426 1236 2475 sudantibus
1243 2441 1334 2483 aurum,

796 2508 848 2555 Nee
861 2506 957 2555 sufferre
969 2514 1041 2565 queat
1053 2504 1146 2564 majoris
1155 2506 1260 2564 pondera
1270 2520 1333 2565 gem-

824 2583 895 2633 ma„

766 2681 828 2754 Qui
838 2691 938 2741 autem
948 2679 1053 2738 malint
1065 2680 1199 2756 accipere
1210 2679 1247 2737 de
1258 2678 1334 2736 uictu

767 2795 819 2834 seu
830 2781 993 2842 commota,
1007 2792 1098 2850 quem
1105 2772 1249 2830 minorem
1258 2772 1334 2829 oesti-

767 2869 811 2927 via
825 2868 926 2928 castris
937 2886 1026 2945 quam
1036 2865 1168 2925 hibernis
1178 2866 1337 2944 providere

765 2984 830 3022 mos
843 2972 907 3023 erat
919 2962 1074 3031 militibus,
1095 2960 1250 3020 consulant
1263 2962 1334 3020 Aul.

768 3058 845 3116 Gell.
859 3055 948 3114 XVI.
963 3064 990 3114 3.
1032 3052 1257 3113 “Erasistratus
1273 3055 1335 3113 vim

768 3149 917 3228 quandam
942 3147 1029 3206 famis
1055 3167 1116 3205 non
1141 3147 1335 3218 tolerabilem,

769 3266 860 3324 quam
887 3244 986 3302 Graeci
1012 3242 1149 3318 βούλιμον
1174 3244 1335 3323 appellant,

768 3344 799 3400 in
821 3339 920 3400 diebus
929 3339 1142 3419 frigidissimis
1158 3339 1336 3418 maltofaci-

768 3436 826 3495 liar
839 3436 969 3495 occidere
982 3436 1032 3506 ait,
1048 3457 1138 3515 quam
1152 3456 1246 3514 quum
1260 3456 1337 3495 sere·

768 3552 842 3590 num
856 3542 945 3611 atque
957 3531 1108 3610 placidum
1122 3534 1193 3590 est.”
1285 3569 1288 3573 J

812 3652 876 3711 174.
920 3641 1097 3722 Geminam]
1140 3642 1241 3707 ‘Your
1263 3643 1338 3701 twin

769 3739 910 3799 brother!
958 3738 1053 3798 Ludit
1078 3738 1110 3796 in
1135 3738 1339 3817 paronomasia

771 3834 824 3889 τοῦ
831 3853 946 3911 gemm
963 3832 1013 3908 (ut
1022 3853 1100 3893 mox.
1112 3854 1139 3891 v.
1151 3840 1215 3891 184.
1241 3832 1340 3910 Supra

773 3928 851 3987 Prol.
865 3926 912 3987 65.
929 3930 1000 4005 etc.)
1022 3929 1130 3987 Gemes
1150 3937 1259 3997 autem,
1277 3946 1339 3987 non

769 4036 832 4083 tam
855 4024 894 4081 ob
920 4023 1043 4083 fratrem
1071 4023 1220 4093 amissum,
1248 4045 1340 4102 quam

138 4122 244 4181 aestivo
261 4131 409 4197 tempore,
428 4120 537 4179 vestitu
554 4120 665 4179 leviore
683 4132 714 4181 et
772 4120 855 4199 quod
874 4119 948 4177 nihil
964 4120 1029 4198 jam
1051 4120 1108 4179 erit
1127 4119 1160 4177 in
1177 4122 1339 4199 marsupio,

138 4219 282 4296 pauciore
297 4236 374 4294 opus
387 4225 433 4274 est
446 4236 536 4293 quam
553 4216 713 4275 brumali.“

140 4311 213 4369 Huc
226 4308 361 4389 pertinet
381 4308 452 4367 Juv.
468 4309 526 4367 Sat.
543 4308 566 4365 l.
582 4316 628 4368 28.

773 4214 854 4274 unde
873 4215 986 4274 victum
1008 4226 1038 4275 et
1059 4216 1222 4276 necessaria
1243 4236 1342 4276 emere

774 4330 875 4388 posars.
