3084 5017
253 443 298 526 72
685 441 733 508 ru.
759 445 797 508 1.
823 444 1008 510 reruni

255 645 340 718 Mu.
353 641 394 718 Si
419 669 476 716 me
501 643 650 730 derides,
677 656 714 718 at
739 645 799 743 pol
823 646 926 720 illum
953 672 1022 720 non
1046 659 1157 745 potes,

352 769 500 842 Patrem
526 794 656 856 meum,
682 772 744 867 qui
767 771 838 845 huc
862 772 1025 845 advenit!
1061 771 1163 859 Quin
1187 773 1350 871 respicis?

354 893 534 969 Novistin'
560 907 602 969 tu
626 896 757 970 illum?

747 1023 834 1096 Mn.
861 1021 958 1096 Novi
979 1049 1058 1096 curn
1079 1022 1212 1098 Calcha
1228 1023 1349 1098 simul:
1372 1029 1420 1090 ⁶50

352 1147 492 1222 Eodem
517 1147 575 1223 die
601 1147 676 1222 vidi
701 1149 818 1235 illum,
843 1164 976 1248 quote
1001 1161 1085 1224 ante
1109 1149 1207 1224 hunc
1231 1151 1335 1224 diem.

254 1275 340 1348 Mu,
351 1273 474 1373 Negas
499 1277 636 1350 novisse
658 1279 742 1351 mel
769 1302 878 1375 negas
903 1288 1040 1374 patrem
1066 1282 1214 1351 meum?

254 1402 339 1475 ΜΕ.
353 1401 452 1475 Idem
480 1399 597 1476 hercle
622 1402 748 1487 dicam,
775 1405 805 1476 si
831 1427 932 1477 arom
959 1406 1011 1476 vis
1037 1404 1223 1478 adducere.

254 1530 338 1602 Mu.
351 1529 501 1604 Ecastor
526 1529 658 1626 pariter
683 1527 748 1604 hoc
774 1543 882 1629 atque
907 1532 994 1606 alias
1020 1557 1075 1605 res
1101 1531 1200 1606 soles.

564 1917 570 1932 ,
611 1847 719 1910 Aou.
749 1843 808 1909 1v.
858 1847 1012 1911 sonus
1039 1848 1077 1911 v.

434 2003 582 2062 'SENEK
617 2012 767 2062 MULIER.
803 2011 1039 2060 MENAECHMUS
1061 2010 1232 2060 soslcuus.

251 2147 317 2221 Su.
350 2145 409 2220 Ut
434 2157 518 2218 aetas
543 2171 623 2220 meo
645 2158 710 2231 est,
738 2156 845 2242 atque
871 2156 913 2218 ut
934 2142 1001 2255 lroc
1026 2170 1111 2218 usus
1135 2143 1230 2219 facto
1255 2155 1317 2234 est,
1369 2151 1414 2210 655

349 2270 512 2346 Grodum
532 2271 717 2372 proferam,
743 2273 908 2372 progredi
931 2274 1145 2370 properab03

250 2445 273 2479 v.
289 2432 341 2479 661.
361 2431 451 2488 Eodem,
466 2430 557 2489 dissyll.
574 2431 664 2493 [Supra
678 2429 745 2490 632]
785 2431 838 2478 663.
854 2431 887 2486 Sr',
903 2444 951 2476 non
966 2426 1085 2486 liquescit.
1102 2428 1192 2489 [Supra
1206 2426 1271 2487 471]
1308 2423 1415 2474 did-663·

346 2505 435 2553 Bacch.
450 2505 513 2554 Tetr.
542 2506 595 2553 656.
610 2505 646 2552 B:
661 2506 800 2566 progrediri.
817 2504 872 2566 [Ut
888 2503 981 2559 Moeri,
997 2502 1044 2548 Ov.
1060 2502 1123 2549 Met.
1139 2502 1211 2550 XIV.
1225 2503 1263 2550 62.
1277 2499 1334 2562 etc]

288 2627 355 2698 649.
400 2627 457 2693 Qui
490 2627 546 2685 1166
579 2625 722 2706 advenit]
766 2624 817 2685 Nc
866 2645 921 2704 pra
934 2623 1000 2692 647.
1037 2624 1098 2683 Hic
1112 2634 1212 2684 autem
1226 2636 1287 2684 erat
1300 2619 1414 2682 vateccd

247 2746 419 2806 quenquam
450 2734 569 2784 moveat
594 2734 655 2782 tam
682 2723 816 2783 celeriter
865 2718 978 2778 bellum
993 2719 1156 2798 Trojanum
1170 2720 1345 2778 notissimus.

247 2834 357 2903 praesto
382 2843 446 2883 esse
472 2841 572 2882 senem
599 2819 814 2898 tardigradum‚
904 2830 970 2890 651,
1011 2830 1117 2889 Eodem
1145 2830 1193 2890 die
1220 2831 1305 2910 vida]
1343 2829 1412 2890 conf.

247 2942 317 2982 tum
343 2920 394 2979 Vix
421 2920 524 2979 decem
549 2915 659 2976 abhinc
680 2917 816 2977 Versibus
867 2924 964 3002 Supra
985 2931 1050 2984 438,
1088 2924 1185 2983 Intell,
1209 2926 1316 3003 Neque
1331 2924 1411 2989 illum,

244 3020 339 3080 fuerit
351 3018 516 3078 arcessitus.
552 3015 633 3075 Nem
647 3013 671 3074 si
686 3013 815 3094 spatium
865 3029 963 3096 neque
975 3030 1016 3088 te,
1037 3020 1158 3077 omnino
1175 3031 1243 3078 ante
1258 3017 1412 3078 huncdiem

246 3116 377 3192 untiquae
395 3131 490 3173 scenae
509 3109 684 3190 respexeris,
706 3107 813 3186 (quod,
865 3135 999 3192 unquam
1012 3115 1083 3174 vidi.

246 3231 309 3292 prae
342 3209 493 3270 hodiernis
529 3207 649 3276 nostris,
686 3205 815 3264 immane
903 3218 970 3279 654,
1011 3219 1134 3278 Pariter
1146 3219 1207 3288 1200,
1218 3220 1292 3299 em]
1313 3218 1412 3276 (Τοὺς

248 3311 341 3387 θῐὸῒὶ)
360 3319 390 3366 et
405 3306 465 3365 huc
485 3303 637 3384 adjeceris,
661 3323 760 3362 senem
781 3300 813 3360 5¹1
864 3333 932 3371 sure
953 3312 1013 3371 this
1035 3313 1061 3370 is
1080 3313 1145 3392 just
1165 3313 1225 3371 like
1245 3332 1321 3390 your
1341 3309 1412 3368 other

246 3414 438 3486 prospectum
461 3421 556 3480 usque
578 3400 675 3458 adhuc
696 3409 813 3458 tantum
863 3411 943 3466 acts’
966 3409 1094 3480 Scilicet,
1107 3408 1411 3468 Haudmirandumest

246 3503 373 3570 venisse,
395 3518 493 3576 neque
515 3507 582 3556 ante
605 3495 729 3573 triginta
751 3515 812 3554 am-
863 3523 997 3562 socerum
1017 3514 1106 3562 tuum
1125 3503 1291 3587 ternovisse
1308 3519 1410 3578 negare,

245 3597 325 3675 plius
348 3613 451 3653 versus
478 3610 642 3650 sermonem
669 3589 812 3658 conferre,
865 3600 917 3679 qui
928 3592 1257 3690 ommatgmflagitlpffl
1265 3596 1410 3658 affigeris.

247 3696 330 3773 (quae
350 3692 430 3751 enim
452 3689 565 3748 interea
588 3684 645 3746 loci
667 3685 813 3765 queritur,
902 3713 969 3774 655,
1014 3713 1053 3771 Ut
1078 3722 1159 3783 oetas,
1187 3727 1236 3776 etc
1301 3710 1412 3768 Fallitur

246 3799 316 3848 sunt
336 3808 372 3848 ex
391 3785 557 3863 longinquo
572 3784 672 3852 verba,
692 3792 722 3841 et
739 3783 812 3840 dum
863 3807 1035 3869 Lambinus·
1057 3810 1157 3883 verte,
1180 3820 1189 3846 ι
1196 3700 1317 3879 A&
1328 3827 1357 3865 μ
1368 3822 1411 3880 my

245 3884 404 3944 formicino
434 3879 531 3960 gradu
561 3879 594 3938 in
622 3875 813 3957 proscenium
862 3924 918 3981 age
944 3903 1006 3962 wffl
1031 3904 1117 3962 „now
1144 3925 1202 3974 me,
1238 3931 1259 3967 a
1317 3919 1351 3961 as
1373 3894 1411 3953 rte

245 3979 357 4042 incedit
369 3981 474 4059 dicta,)
489 3978 558 4038 satis
571 3977 628 4036 erit
640 3997 731 4036 morae
743 3996 813 4054 per·
861 3999 992 4059 mm
1014 3997 1152 4080 puppim,
1177 4002 1192 4059 1
1212 3914 1410 4101 wjffickcn

246 4071 369 4134 missurn
381 4095 419 4133 ne
432 4075 464 4132 in
477 4095 512 4133 ea
524 4093 557 4131 re
570 4071 761 4131 offendamus.
861 4116 913 4173 my
945 4106 1020 4173 step,
1054 4095 1113 4155 and
1146 4096 1252 4160 hasten
1284 4109 1333 4171 for
1403 4085 1409 4107 ⁹

285 4197 351 4258 650.
397 4198 468 4257 Cum
497 4197 635 4275 Colcho]
685 4197 720 4255 ld
747 4206 810 4266 est3
861 4193 987 4270 Nempe,
1009 4184 1053 4251 Ut
1065 4193 1162 4270 poscit
1179 4202 1297 4262 occasio
1310 4229 1360 4272 me

247 4291 343 4371 AEque
357 4303 396 4361 16,
411 4313 444 4352 ac
458 4291 628 4359 Calchanta,
642 4291 721 4350 novi.
754 4291 811 4349 Su·
862 4291 995 4350 celeriter
1009 4291 1158 4368 progredi.
1199 4292 1280 4358 Vide
1295 4087 1426 4439 Gli}N

1428 4434 1446 4485 11
