3084 5017
538 485 589 548 IN
619 485 945 550 MENAECHMEI.
1246 491 1313 558 139

223 724 274 736 —
321 681 513 776 inlucide]
568 691 713 772 [mpure.
763 696 889 756 Foetido.
924 696 1079 756 Translata
1100 695 1315 775 significatione

163 809 204 866 ab
225 809 319 868 altero
340 830 428 870 sensu
447 812 479 870 in
501 813 635 872 alterum.
671 814 719 874 Sic
737 815 803 873 AEn.
821 814 882 872 111.
900 823 967 875 228.
999 815 1146 874 “Tetrum
1166 814 1314 874 odorem.''

162 913 347 996 (Noisome.)
385 921 462 979 Cum
483 923 604 999 proprie
625 922 741 1001 nigrum
762 935 793 982 et
812 923 1015 984 tenebricosum
1035 925 1189 1004 significet.

223 1095 271 1155 91·
320 1079 490 1178 Lepide]
541 1090 715 1172 Waggieb;
744 1093 929 1154 ltumorous.
984 1095 1123 1155 Paullum
1146 1095 1205 1154 alio
1228 1116 1315 1155 sensu

165 1225 258 1283 quam
272 1205 380 1284 Supra,
399 1229 427 1266 v.
443 1209 489 1270 56.
525 1211 603 1268 Nam
616 1211 673 1270 hoe
691 1211 756 1270 loco
777 1221 822 1270 est
841 1212 941 1290 potius
951 1212 1093 1291 jucunde,
1104 1209 1224 1288 sertim.
1265 1210 1317 1270 Sic

163 1311 251 1370 Asin.
280 1313 345 1374 556.
403 1317 547 1397 “Edepol
574 1339 674 1379 senem
698 1319 908 1380 Demaenetum
933 1321 1060 1400 lepidum
1084 1322 1177 1381 fuisse
1202 1322 1316 1382 nobis.''

222 1519 273 1531 —-
321 1475 379 1550 Ut
405 1475 573 1570 fastidis]
614 1485 700 1548 How
724 1489 909 1572 fastidiens
931 1509 996 1582 you
1022 1509 1087 1551 are.
1136 1493 1214 1551 Cum
1234 1493 1315 1552 fastu

86 1653 88 1656 .
163 1611 197 1660 et
215 1605 433 1668 abominatione
452 1608 577 1685 respuis.
613 1608 741 1666 Mostell.
768 1615 833 1675 887.
869 1609 975 1667 “Vide
998 1619 1028 1668 ul
1041 1607 1167 1686 fastidit
1191 1607 1316 1666 simia!''

165 1714 287 1774 Curcul.
302 1714 367 1783 627.
409 1725 429 1751 “
442 1717 480 1776 Ut
489 1715 617 1794 fastidit
636 1718 824 1798 gloriosus!”

222 1893 271 1954 93.
319 1873 519 1968 Erotium]
562 1891 611 1948 Ab
630 1889 700 1968 ἔρως
714 1889 803 1961 dieta,
818 1901 853 1949 ut
866 1911 934 1968 quae
947 1891 1038 1950 autori
1051 1891 1200 1950 inserviat
1221 1891 1315 1949 caete-

162 2025 234 2064 rum
246 2007 447 2066 blandiculam
460 2007 537 2067 hanc
554 2007 679 2066 formam
697 2007 826 2066 nominis
839 2007 911 2065 alibi
924 2008 1052 2078 feminis,
1071 2018 1101 2068 et
1115 2008 1238 2087 quidem
1250 2009 1314 2087 ple-

162 2140 295 2198 rumque
308 2119 523 2188 meretricibus,
541 2121 685 2180 tributam
698 2119 876 2179 invenimus.
908 2120 1019 2192 Quales
1033 2132 1112 2192 sunt,
1129 2105 1314 2199 Glycerium,

164 2229 347 2299 Planesium,
369 2229 524 2299 Sdeninm,
548 2230 763 2308 Gymnasium
786 2233 839 2290 &e

221 2406 268 2467 94.
316 2385 547 2480 Prandium]
573 2397 715 2459 Dinner.
743 2402 821 2460 Nam
835 2402 899 2462 dies
912 2413 974 2462 erat
985 2403 1157 2463 dimidiatus
1170 2414 1314 2463 mortuus.

164 2518 250 2578 Hinc
267 2529 389 2598 apparet
403 2518 560 2598 prandiam
574 2529 604 2578 et
617 2539 725 2576 coenam
738 2518 821 2596 apud
834 2519 958 2579 Veteres
971 2519 1053 2581 haud
1065 2539 1133 2578 raro
1151 2520 1314 2592 confundi;

163 2651 235 2688 nam
261 2640 292 2689 et
317 2630 471 2699 hocloco,
497 2640 527 2689 et
551 2630 649 2690 decies
672 2631 759 2702 infra,
784 2630 943 2708 prandium
968 2641 1101 2709 usurpat,
1126 2652 1196 2691 cum
1218 2651 1315 2709 nuper

161 2747 213 2825 [v.
235 2746 302 2825 48]
326 2747 443 2816 dixerit,
469 2746 536 2804 “ad
558 2766 666 2804 coenam
690 2746 792 2824 aliquo
816 2745 971 2804 condicam
993 2745 1100 2804 foras.''
1147 2745 1222 2804 Erat
1245 2745 1316 2804 olim

160 2858 323 2939 prandium
339 2859 455 2938 primus
469 2859 521 2936 qui
539 2858 720 2918 maneribus
734 2843 916 2926 sumebatur,
931 2855 1117 2936 (brealfirstd
1133 2879 1151 2916 a
1164 2857 1247 2936 npdv,
1262 2877 1314 2916 seu

164 2975 254 3052 πρῶίε
282 2970 371 3030 Unde
395 2971 580 3050 Impranaos,
604 2970 686 3048 apud
711 2969 881 3039 Horatium,
905 2989 961 3048 pro
984 2990 1020 3029 eo
1043 2970 1096 3047 qui
1117 2970 1156 3028 ad
1178 2970 1211 3028 id
1233 2970 1315 3028 horae

163 3086 301 3145 nondum
311 3085 392 3144 cibos
405 3083 578 3162 gustaverit.
604 3084 679 3142 Mox
690 3103 761 3142 vero
766 3081 952 3163 jentaculum
962 3093 1030 3141 ante
1044 3082 1204 3161 prandium
1217 3083 1314 3161 capie-

162 3199 247 3265 bant,
261 3204 292 3253 et
304 3193 464 3273 prandium
477 3193 509 3250 in
522 3192 760 3269 pomeridianum
773 3201 893 3269 tempus
906 3191 1032 3250 dilatum
1046 3200 1099 3250 est.

222 3389 270 3459 96.
318 3379 529 3476 Expedite.]
578 3383 721 3466 Plalnly.
777 3386 955 3465 Metaphora
987 3409 1005 3446 a
1025 3387 1124 3468 factis
1156 3389 1195 3447 ad
1229 3387 1314 3447 verba

164 3513 314 3573 translata
355 3509 502 3591 Espedire
522 3508 619 3579 alicui,
643 3511 730 3582 valet,
746 3506 902 3567 certiorem
920 3509 1025 3568 faeere.
1068 3510 1151 3568 Infra
1170 3509 1236 3570 516.

220 3727 273 3749 ·-
317 3680 544 3774 Fabulaius]
605 3691 658 3761 Er,
685 3692 717 3750 in
744 3690 849 3748 ultima
871 3691 937 3768 syll
966 3693 1111 3751 sorbetur.
1138 3692 1242 3770 [Infra
1267 3700 1314 3762 97.

162 3823 233 3876 208.
247 3813 321 3892 dm]
372 3811 435 3870 Yon
462 3810 671 3889 interpolet.
720 3807 860 3877 Fabulor,
889 3809 921 3884 (a
936 3807 1033 3889 fari)
1061 3811 1239 3889 plerumque
1258 3811 1315 3872 hoc

162 3944 254 3984 sensu
273 3922 355 4002 apud
377 3923 520 3980 Nostrum
543 3921 680 3980 occurrit.
702 3919 815 3998 Amph.
830 3927 876 3979 45.
927 3920 1064 3980 “Verbis
1085 3921 1195 3998 quibus
1213 3923 1316 3982 deceat

149 4031 355 4116 Ῑαόιιὶιινὶεν.Μ
390 4031 436 4090 Ib.
453 4039 519 4091 144.
554 4031 666 4090 “Clara
685 4030 845 4090 advorsum
855 4027 1046 4107 fabulabor.''
1066 4030 1152 4090 Infra
1164 4039 1233 4091 288.
1249 4036 1304 4094 &e

219 4226 269 4288 97.
321 4207 566 4298 cantharum]
631 4213 701 4276 Tne
732 4233 805 4293 cup.
871 4215 1015 4274 Poculum
1041 4225 1185 4274 ansatum.
1207 4216 1316 4295 [infra

163 4336 251 4415 lot]
283 4333 452 4394 cantharus
472 4336 514 4394 ite
532 4335 640 4396 dicitur
663 4337 701 4395 ob
723 4333 948 4394 similitudinem
970 4334 1082 4412 navigii
1104 4335 1259 4413 cujusdam
1283 4346 1316 4394 ut
