3084 5017
591 486 919 555 MENAECHMEI.

158 688 243 759 ΜΕ.
258 686 403 783 Ecquid
420 686 528 786 nudes
545 686 590 761 de
607 697 671 761 tuo
687 688 782 762 istuc
796 685 951 762 addere?

836 812 911 885 Pn.
930 808 1079 907 ”Atque
1089 808 1350 882 hilarissume.“

159 938 245 1013 ΜΕ.
259 940 384 1037 Perge.

362 1066 437 1139 Pn.
464 1064 550 1139 Non
568 1092 676 1165 pergo
692 1065 836 1140 hercule
853 1091 930 1162 ego,
947 1064 1018 1136 nisi
1035 1064 1118 1146 scio,
1137 1087 1207 1159 qua
1223 1062 1349 1157 gratia.

259 1214 442 1314 Litigium
466 1228 520 1290 est
546 1218 614 1290 tibi
641 1242 721 1290 cum
750 1240 882 1289 uxore:
914 1213 981 1287 hoo
1012 1214 1063 1286 rni
1089 1213 1151 1286 abs
1180 1223 1218 1285 te
1247 1236 1351 1283 caveo

408 1342 559 1417 cautius.
1313 1350 1350 1410 75

156 1467 245 1539 Mn.
258 1466 313 1540 Te
325 1492 470 1552 morare,
486 1466 576 1540 mihi
591 1492 695 1564 quom
710 1467 910 1564 obloquere.

673 1596 675 1601 ’
745 1596 816 1667 Pu.
835 1592 994 1666 Oculum
1008 1589 1161 1663 ecfodito
1173 1587 1350 1686 persolum

259 1715 370 1802 Mihi,
398 1716 634 1804 Menaechme‚
667 1722 696 1791 si
723 1719 838 1792 ullum
865 1716 1013 1789 verbum
1036 1713 1129 1798 faxo,
1155 1713 1226 1785 nisi
1257 1708 1352 1808 quod

403 1845 570 1938 jusseris!

159 1970 241 2039 ME.
255 1966 356 2040 Clam
382 1994 529 2043 uxorem
559 1972 621 2045 ubi
653 1968 854 2066 sepulcrum
884 1966 1082 2051 habemus·
1097 1963 1195 2037 hunc
1221 1964 1352 2037 conbu-
1451 2020 1455 2066 ξ

407 2120 526 2168 ramus
552 2096 658 2169 diem.
1451 2072 1453 2080 Ι

160 2218 234 2292 Pu.
262 2218 343 2317 Age
377 2245 460 2295 sane
489 2224 613 2320 igitur,
644 2222 787 2320 quando
817 2246 953 2317 aequom
984 2242 1081 2292 oras:
1116 2215 1239 2302 Quam
1267 2238 1352 2286 mox

408 2349 559 2422 incendo
582 2352 735 2447 rogum?

260 2471 354 2546 Dies
375 2474 519 2571 quidem
540 2478 617 2572 jam
641 2474 688 2577 ad
712 2472 924 2546 umbilicum
950 2480 1004 2543 est
1027 2467 1236 2541 dimidiatus
1260 2492 1353 2539 mor-

411 2614 501 2675 tuos.
1315 2608 1353 2660 80

219 2788 242 2819 v.
256 2771 294 2819 76.
317 2771 451 2832 obloquere,
471 2788 520 2821 non
535 2772 638 2822 elidend.
662 2772 732 2836 [Vid.
747 2772 772 2820 in
786 2788 810 2820 v.
824 2771 890 2831 293]
929 2771 967 2828 76,
982 2770 1020 2818 77.
1036 2769 1088 2816 Hos
1105 2784 1186 2817 versus
1201 2768 1226 2815 in
1245 2768 1352 2816 ordinem

160 2846 263 2895 restituit
279 2847 315 2893 B:
333 2863 388 2895 oum
398 2848 470 2909 vulgo
486 2858 540 2909 post
556 2866 579 2896 v.
593 2850 630 2897 80.
643 2848 723 2897 inserti
735 2848 831 2896 luerint.
866 2848 904 2894 78.
920 2846 958 2895 V:
977 2845 1117 2903 Habeamus,
1132 2853 1162 2891 et.
1173 2845 1210 2891 B:
1228 2843 1353 2899 Habemus,

159 2933 182 2971 et
196 2923 235 2984 (h.
245 2939 267 2972 e.
282 2924 372 2984 etium.)
403 2926 441 2973 80.
458 2924 522 2983 Dies,
537 2924 663 2984 monosyll.
681 2925 761 2989 [Infra
776 2922 841 2983 uu]

200 3068 247 3127 75.
291 3060 357 3121 Hoc
370 3061 409 3121 mi
422 3062 515 3125 ubete
528 3064 641 3142 coneo]
663 3063 732 3121 ‘On
782 3060 858 3120 clam
872 3078 1006 3126 uxorem,
1020 3057 1098 3125 ineo
1110 3056 1239 3116 locoubi
1253 3056 1353 3133 sepul-

159 3158 220 3217 this
233 3170 360 3219 account
377 3160 393 3219 Ι
407 3180 455 3219 am
467 3160 519 3220 the
532 3182 613 3219 more
627 3181 666 3219 on
679 3180 731 3238 my
782 3176 867 3217 ccum
879 3156 1033 3215 habemus.
1068 3154 1109 3214 H.
1120 3173 1145 3211 e.
1162 3151 1216 3211 ubi
1229 3151 1355 3229 sepelire

159 3252 258 3330 guard
284 3255 399 3329 against
424 3259 503 3332 you!
556 3255 732 3315 Cavendum
782 3252 880 3331 epulis
903 3263 934 3311 et
956 3251 1029 3309 vino
1049 3250 1178 3308 solemus
1201 3248 1264 3306 dies
1286 3267 1354 3306 nos-

161 3348 217 3403 sibi
232 3348 270 3411 ab
281 3368 400 3415 ecesse,
414 3349 464 3419 ait,
480 3349 550 3427 quia
560 3368 629 3409 curn
640 3369 732 3409 uxore
782 3361 845 3407 tros
849 3370 859 3419 3
880 3366 989 3426 nempe
1006 3344 1089 3424 apud
1105 3344 1243 3415 Erotium
1259 3364 1354 3403 mere-

160 3442 268 3521 litiget,
283 3453 318 3501 ut
330 3443 411 3501 haud
421 3444 507 3503 facilc
521 3464 552 3503 se
566 3444 604 3503 ad
618 3464 732 3503 coenam
782 3446 896 3503 tricem.

161 3539 284 3597 domum
299 3541 337 3599 Slt
350 3551 517 3601 VOCRiUI'US·
557 3542 684 3604 Boufflr.
823 3568 869 3628 79·
909 3556 1356 3633 Incendorogum,]E1m01-oe

202 3649 248 3717 76.
293 3650 335 3712 Te
347 3652 489 3730 mturare]
530 3652 601 3711 Tibi
619 3673 732 3711 morum
784 3654 844 3711 diei
873 3663 992 3729 tempus
1026 3650 1163 3709 coenandi
1190 3650 1338 3709 intellexit
1345 3673 1355 3721 3

162 3763 252 3813 creas,
280 3744 354 3803 dum
380 3765 428 3806 me
451 3746 733 3824 interloquendum
783 3746 910 3827 proinde
920 3745 1005 3824 quasi
1019 3765 1104 3803 coena
1117 3744 1156 3801 sit
1168 3744 1228 3801 diei
1239 3743 1356 3822 sepulc-

160 3859 296 3898 sermone
322 3850 375 3898 tuo
400 3841 608 3920 intempestive
641 3842 732 3899 inter·
783 3863 860 3901 rum.
895 3843 1042 3900 Turenum
1091 3838 1168 3897 Vide
1201 3838 1297 3896 Gloss.
1325 3839 1358 3897 in

159 3934 262 4013 pellas.
305 3933 393 3994 ‘You
412 3956 462 3994 are
482 3936 553 4013 only
573 3935 734 4015 hindering
785 3959 861 3998 vers.
871 3937 999 4017 praeced.
1021 3937 1062 3995 Et
1072 3945 1164 4003 verte,
1177 3933 1276 3991 ‘How
1285 3955 1357 3993 soon

159 4029 300 4111 yourself
314 4030 356 4107 by
376 4030 578 4109 interrupting
598 4032 664 4089 mel
785 4041 859 4091 murt
883 4033 899 4092 1
921 4033 974 4090 fire
996 4031 1048 4089 the
1070 4030 1162 4107 pile?'
1196 4028 1262 4106 [De
1286 4049 1356 4089 con·

202 4148 250 4207 78,
295 4138 352 4198 Ubi
365 4140 536 4220 sepulcrum,
551 4140 626 4218 em]
661 4141 734 4200 sen.
785 4126 957 4193 structione,
978 4122 1099 4183 consule
1121 4122 1307 4201 infra148.]

163 4258 214 4297 sus
224 4247 279 4306 est,
296 4238 401 4315 (quern
411 4259 448 4297 ex
458 4239 589 4309 tenebris
600 4237 736 4297 evocavit
826 4245 873 4297 80.
913 4234 1165 4313 duumuirum]
1197 4234 1250 4291 Ad
1262 4207 1357 4293 medi-

165 4335 304 4411 Boruu,)
320 4334 339 4391 J
343 4336 419 4394 ubeo
429 4335 588 4413 prandium
599 4333 736 4413 apparari
786 4353 835 4391 am
847 4342 981 4410 partem:
998 4330 1167 4389 Umbilicus
1178 4330 1258 4388 enim
1272 4331 1356 4406 quasi
