3084 5017
506 453 557 516 IN
585 454 911 518 MENAECHMEI.
1212 461 1278 527 159

132 644 276 722 singulari
290 663 362 702 usus
379 654 426 702 est
441 644 553 704 Noster
568 645 652 704 Asin.
669 655 735 706 135.
766 656 786 682 “
795 648 916 717 Eccum,
935 647 1078 707 inlecebra
1099 651 1185 708 exit.”
1219 652 1281 712 Cic.

131 757 190 815 Pro
213 757 280 815 Mil.
306 756 350 816 16.
401 757 593 816 “Maximam
615 757 778 817 illecebram
795 760 965 838 peccandi.”
1009 761 1070 832 Sic,
1091 761 1208 822 Delicia
1227 786 1284 842 pro

130 869 251 941 delicice,
274 870 365 929 Truc.
380 877 447 937 877.

179 1035 248 1096 268.
297 1021 537 1115 Amoenitas.]
600 1032 816 1115 Appeorooce
845 1034 886 1117 of
912 1038 1056 1121 comfort.
1111 1044 1285 1105 Secundum

128 1157 267 1224 Festum,
283 1154 426 1211 '’Amoena
439 1153 504 1211 loca
517 1162 597 1221 sunt,
613 1173 679 1230 quae
691 1155 732 1212 cd
744 1174 778 1211 se
788 1154 913 1212 amanda
927 1156 1088 1215 alliciant.“

179 1324 248 1383 270.
296 1303 412 1396 Usu]
455 1313 568 1398 Prosit.
610 1317 670 1376 Pro
683 1317 757 1375 coni.
779 1317 846 1376 AEn.
862 1319 920 1376 III.
935 1327 1001 1379 541.
1042 1320 1169 1381 “Curru
1184 1345 1285 1385 succe-

128 1436 204 1494 ·dere
213 1436 243 1505 ;'”
266 1433 336 1511 (pro
350 1431 476 1511 currui.)
491 1434 543 1490 &e
578 1433 736 1502 Caeterum,
751 1432 807 1490 Est
821 1433 886 1491 usui
900 1435 979 1493 valet
994 1434 1036 1493 id.
1055 1457 1105 1514 qu.
1128 1439 1216 1498 Utilis
1236 1451 1286 1500 ecl.

181 1598 250 1655 271.
299 1573 444 1668 Ultra]
485 1585 675 1664 Willtogly;
692 1586 853 1646 unoelred.
885 1589 925 1646 Η.
937 1611 962 1648 e.
976 1611 1036 1649 non
1049 1563 1176 1669 regenti,
1187 1614 1286 1674 neque

131 1704 258 1782 petenti.
297 1703 368 1761 Ter.
383 1701 479 1759 Andr.
496 1702 519 1758 I.
535 1721 555 1758 1.
571 1707 617 1766 73.
660 1701 830 1760 “Chremes
851 1703 926 1761 ultro
943 1704 981 1761 ad
999 1725 1047 1774 me
1061 1707 1152 1776 venit,
1167 1709 1286 1768 unicam

130 1825 255 1892 gnatam
270 1833 352 1871 suam
367 1812 429 1870 filio
443 1831 568 1870 uxorem
582 1823 615 1870 ut
629 1813 740 1870 daret.''
776 1813 809 1889 (i.
823 1835 848 1871 e.
864 1814 941 1872 Cum
958 1836 1022 1873 eam
1035 1816 1116 1874 haud
1129 1822 1285 1897 peterem.)

132 1927 212 1984 Eun.
223 1927 279 1983 1.1.
290 1933 318 1985 2.
341 1923 446 1982 “Cum
457 1943 589 1982 accersor
600 1923 702 1981 ultro.’'
720 1934 790 1982 etv.
800 1933 849 1984 24.
870 1925 942 1984 “Te
953 1925 1029 1984 ultro
1039 1930 1215 1989 accusabit.’'
1229 1935 1284 1990 &c

191 2118 243 2130 ..
304 2069 363 2143 Ut
389 2064 535 2164 meret]
581 2074 767 2155 According
783 2081 814 2137 to
829 2077 881 2137 hir
898 2077 1028 2140 deserte.
1070 2084 1170 2144 Mereo
1191 2087 1288 2145 rarius

131 2193 273 2253 inactiva
286 2213 359 2251 voce
374 2192 512 2251 occurrit.
550 2192 728 2270 Suprad34.
769 2192 838 2250 Ter.
853 2193 947 2252 Andr.
963 2194 1005 2251 ΙΙ.
1021 2217 1040 2254 7.
1055 2205 1101 2255 31.
1143 2201 1247 2258 “Cum
1261 2201 1287 2259 is

131 2303 175 2361 nil
195 2305 330 2360 mereat.”
353 2304 406 2360 dcc.
706 2287 709 2292 Δ

180 2471 249 2529 272.
298 2449 441 2542 Ultro]
468 2457 501 2519 F
499 2458 571 2518 irrl.
606 2459 696 2518 Prior
710 2460 852 2539 alloquar,
868 2483 958 2540 quam
971 2463 1021 2522 ille
1034 2485 1090 2523 me.
1126 2467 1195 2526 Ter.
1210 2467 1288 2528 Eun.

133 2574 292 2633 II.11.18.
328 2580 348 2606 “
357 2573 451 2631 Hisce
469 2592 526 2649 ego
544 2591 605 2629 non
626 2592 699 2648 paro
717 2592 764 2630 me
782 2582 818 2630 ut
830 2573 955 2645 rideant,
972 2576 1030 2634 Sed
1052 2577 1094 2635 eis
1113 2577 1188 2636 ultro
1209 2579 1288 2638 adri-

134 2685 219 2744 de0.”
261 2682 386 2741 AEn.11.
404 2690 471 2750 279.
514 2689 533 2715 “
546 2679 630 2739 Ultro
651 2681 724 2739 flens
745 2682 810 2759 ipse
827 2683 951 2741 videbar
965 2685 1140 2763 conpellare
1162 2689 1288 2748 virum.'’
1391 2763 1397 2771 .

132 2797 194 2876 (To
208 2795 331 2854 address
345 2793 407 2850 him
412 2793 512 2870 first.)
544 2792 586 2850 Et
599 2800 665 2859 272.
696 2799 716 2828 “
732 2793 814 2850 Ultro
828 2794 927 2852 verbis
941 2796 1088 2873 conpellat
1100 2798 1230 2858 amicis.”
1280 2782 1282 2786 Α

192 2989 245 3001 -
301 2941 401 3017 Mira
418 2935 616 3028 videnlur]
659 2951 815 3020 Usitatius,
830 2952 945 3010 Mirum
962 2954 1083 3014 videtur.
1123 2957 1207 3016 Infra
1220 2968 1288 3030 939.

135 3073 220 3125 1002.
256 3065 324 3122 AEn.
338 3063 361 3121 Ι.
376 3060 442 3130 669.
479 3061 550 3120 “Ut
565 3063 671 3120 AEneas
681 3062 825 3140 jactetur.
836 3107 842 3119 .
854 3061 947 3121 ,Nolo
961 3063 1042 3122 tibi.'’
1065 3066 1106 3124 H.
1117 3087 1142 3124 e.
1158 3066 1275 3126 Notum.

182 3243 252 3302 273.
302 3219 447 3322 Mage]
491 3233 602 3311 Magis.
645 3232 735 3290 Infra.
751 3239 817 3300 295.
847 3231 925 3288 Prol.
939 3239 987 3290 55.

181 3427 253 3486 ors.
301 3408 485 3505 Equidem
525 3399 672 3492 tecum]
728 3410 863 3468 subaud.
895 3411 1011 3490 coquom
1047 3432 1116 3470 nam
1147 3413 1288 3493 equidem

132 3537 223 3603 valet,
253 3533 318 3610 Ego
344 3529 466 3610 quidem.
519 3526 605 3585 Licet
631 3525 802 3604 aliquando,
827 3545 885 3602 pro
915 3525 1044 3602 simplici
1071 3525 1191 3605 quidem,
1220 3549 1288 3588 cum

134 3645 268 3705 secunda
282 3653 312 3701 et
329 3643 416 3701 tertia
429 3640 514 3699 verbi
530 3657 658 3716 persona
672 3635 863 3694 construitur.
908 3637 943 3694 E.
957 3657 987 3713 g.
1009 3637 1091 3697 Pers.
1106 3638 1168 3698 Sat.
1182 3640 1206 3696 Ι.
1224 3649 1290 3701 110.

134 3755 225 3816 “Per
240 3773 289 3812 me
304 3752 434 3834 equidem
447 3752 507 3810 sint
519 3749 618 3806 omnia
627 3747 763 3825 protinus
777 3746 870 3804 alba.”
904 3747 947 3804 Et
961 3747 998 3802 V.
1012 3755 1059 3806 45.
1095 3749 1193 3806 “Non
1209 3750 1288 3829 equi.

132 3869 197 3925 dem
217 3865 275 3924 hoc
296 3864 442 3923 dubites.''

181 4021 252 4082 279.
303 4003 401 4096 Pol.]
444 4013 503 4071 re.
524 3975 676 4070 Pollucem.
718 4010 798 4070 viee
812 4010 909 4070 cros..
922 4011 955 4070 in
968 4031 998 4068 v.
1014 4021 1077 4072 130.

181 4185 252 4237 280.
303 4162 574 4266 Magnificam]
632 4171 681 4232 To
708 4172 836 4233 honour
861 4193 934 4252 yon.
985 4177 1046 4236 Pro
1066 4179 1290 4259 magnifacere.

132 4291 250 4350 Cistell.
265 4299 313 4350 22.
344 4290 481 4348 “Merito
495 4297 594 4347 vostro
608 4308 674 4345 arno
688 4308 740 4346 vos
748 4310 758 4358 3
775 4288 845 4365 quia
858 4307 906 4345 me
917 4287 1013 4348 colitis
1026 4299 1057 4348 et
1069 4291 1291 4367 magnificatis?
