3084 5017
621 488 669 549 M.
695 487 732 549 A.
758 488 946 551 PLAUTI

535 896 656 972 ACT.
686 898 718 970 Ι.
783 896 964 973 SCENA
991 898 1022 969 Ι.

678 1138 887 1187 PENICUIaUS.

288 1272 511 1346 Juvnnuus
536 1298 666 1347 nomen
691 1273 778 1347 feeit
801 1274 972 1348 Peniculo
997 1274 1087 1348 mihi

290 1399 391 1485 Ideo,
415 1401 499 1497 quia
524 1424 694 1484 mensam,
721 1399 863 1498 quando
888 1400 965 1484 edo,
989 1400 1168 1499 detergeo.

292 1527 469 1599 Homines
494 1528 651 1623 captivos
677 1527 739 1623 qui
765 1528 900 1599 catenis
926 1527 1096 1611 vinciunt,

292 1646 348 1722 Et
373 1650 435 1746 qui
461 1648 625 1746 fugitivis
651 1651 758 1722 servis
783 1650 918 1723 indunt
943 1651 1126 1748 conpedes,

291 1773 414 1847 Nimis
440 1774 551 1848 stulte
576 1773 713 1848 faciunt
737 1800 817 1848 mea
843 1774 987 1872 quidem
1014 1778 1213 1850 sententia:

291 1899 460 1998 Namque
478 1898 615 1972 homini
632 1901 760 1974 misero
778 1902 809 1973 si
825 1900 871 1973 ad
888 1901 1023 1974 malum
1040 1903 1176 1976 aceedit
1190 1903 1336 1987 malum,
1381 1961 1386 1967 .

292 2025 415 2122 Major
439 2025 564 2098 lubido
589 2035 644 2097 est
669 2018 791 2122 fugere
817 2038 854 2099 et
878 2024 993 2132 faeere
1017 2029 1200 2124 nequiter:
1269 2058 1276 2070 ·

293 2145 392 2219 Nam
418 2172 454 2219 se
480 2172 525 2219 ex
549 2147 682 2219 eatenis
709 2149 873 2221 eximunt
898 2148 1018 2246 aliquo
1043 2150 1168 2237 mod03

293 2268 390 2342 Tum
417 2269 597 2367 conpediti
622 2296 731 2368 anum
754 2270 842 2345 lima
866 2285 1065 2369 proterunt,
1146 2368 1151 2376 η

252 2466 292 2497 vv.
308 2449 390 2496 1-33.
412 2448 488 2496 Iamb.
503 2448 578 2496 Trim.
613 2450 635 2495 5.
653 2447 737 2504 Nimis,
754 2448 868 2509 (Nimi'.)
887 2449 967 2512 [Infra
982 2449 1033 2511 lu]
1059 2450 1113 2497 Mea
1129 2447 1313 2507 monosyllabice
1329 2463 1384 2507 pro·

194 2523 360 2573 nuntiandum.
377 2524 456 2587 [Infra
466 2524 519 2571 117.
529 2523 595 2585 119.]
626 2524 649 2571 9.
667 2524 796 2584 conpediti.
810 2525 893 2572 ultima
904 2525 998 2583 syllaba
1011 2541 1059 2573 non
1075 2524 1179 2574 eliditur.
1210 2525 1257 2571 Pro
1270 2540 1341 2570 anam
1352 2523 1384 2570 V.

188 2609 298 2663 januam.

238 2725 263 2775 1.
305 2711 473 2791 Peniculo]
493 2712 575 2771 ‘The
585 2732 689 2789 young
697 2732 766 2771 men

195 2808 391 2869 meir-named
405 2828 453 2866 me
468 2808 613 2867 sionei:
648 2807 766 2886 Captiv.

198 2909 231 2965 in
244 2906 309 2966 init.

217 3004 362 3053 '‘Juventus
377 3016 462 3050 nomen
478 3000 564 3049 indidit
576 3006 654 3048 scorto
668 2998 750 3047 mihi.''

240 3107 267 3157 2.
309 3097 443 3156 Mensam
453 3096 614 3174 detergeo]
637 3094 706 3153 Hoc
716 3103 769 3163 est,

201 3195 343 3271 detergeo
364 3211 496 3251 mensam
523 3201 666 3268 tanquam
686 3188 770 3267 peni-

202 3288 303 3353 culum
329 3285 448 3363 singula
465 3285 609 3343 nimirum
629 3304 697 3361 quae
718 3303 770 3360 ap-

202 3384 300 3463 posita
326 3382 386 3440 sint
407 3379 552 3438 voraciter
579 3378 770 3437 comedendo.

204 3481 374 3558 Perpetuus
390 3476 473 3555 apud
487 3476 623 3535 Comieos
638 3476 726 3554 jocus
739 3470 771 3531 in

204 3575 381 3635 edacitatem
401 3570 600 3648 parasitorum
606 3593 616 3641 ;
641 3568 773 3647 [Confer

206 3670 275 3728 Ter.
298 3668 375 3725 Eun.
398 3665 539 3724 Proles.
561 3666 672 3725 Heaut.
691 3666 771 3724 Prol.

207 3763 274 3842 38.]
291 3781 366 3840 quos
379 3770 538 3838 propterea
551 3759 667 3818 Educet
678 3761 773 3819 nomi-

206 3868 260 3918 nat
280 3858 386 3915 Horat.
409 3855 467 3933 Ep.
483 3854 524 3913 11.
545 3875 565 3913 1.
590 3863 655 3921 173.
695 3856 774 3914 Vide

207 3954 287 4012 intra
302 3958 366 4010 140.
408 3949 490 4008 Citat
505 3951 671 4010 Lambinus
686 3952 775 4029 Epid.

209 4054 275 4108 301.

299 4149 359 4157 —
368 4126 383 4147 “
394 4124 488 4179 Metuo,
502 4123 522 4171 si
535 4138 607 4172 senex
622 4122 746 4179 resciverit,

224 4193 264 4240 Ne
278 4192 355 4239 ulmos
366 4194 478 4253 parasitos
489 4192 571 4248 faciat,
586 4208 639 4251 quae
652 4206 726 4250 usque
740 4198 776 4238 at-

252 4261 392 4310 tondeant.”

208 4358 237 4415 h.
248 4377 272 4415 e.
282 4375 320 4413 ne
328 4354 421 4431 virgae
429 4356 534 4413 ulmeae
541 4363 660 4430 tergum
667 4374 777 4421 meum,

817 2724 960 2792 tanquam
967 2713 1089 2791 parasiti
1098 2732 1241 2784 mensam,
1251 2711 1386 2771 attonde-

817 2817 878 2876 ant,
892 2827 945 2866 aeu
958 2806 1140 2884 detergeant

859 2962 886 3013 5.
927 2951 1025 3012 Nimis
1042 2951 1137 3020 stulte,
1159 2950 1235 3028 eto]
1275 2948 1387 3010 Confer

820 3051 979 3130 gemellam
1006 3048 1181 3109 sententiam
1211 3047 1293 3126 apud
1320 3048 1388 3106 Ter.

822 3146 953 3225 Adelpla
967 3147 992 3204 1.
1010 3155 1035 3205 1.
1058 3153 1183 3205 40-48.

822 3276 882 3322 “Et
895 3283 958 3322 errat
971 3273 1052 3333 longe,
1066 3288 1120 3321 mea
1134 3272 1230 3332 quidem
1244 3272 1370 3330 sententia,

852 3347 900 3405 Qui
918 3346 1043 3405 imperium
1062 3346 1144 3394 credat
1166 3344 1260 3403 gravius
1278 3361 1329 3394 ease
1349 3352 1391 3393 aut

879 3417 995 3473 stabilius,

852 3489 884 3537 Vi
904 3488 1018 3548 quodne,
1036 3502 1108 3547 quam
1121 3486 1191 3545 illud,
1207 3487 1272 3546 quod
1287 3485 1392 3535 amicitia

881 3558 1045 3621 adjungitur.”
1060 3565 1085 3605 et
1099 3574 1153 3618 sqq.

862 3682 890 3742 6.
930 3681 979 3741 Ad
997 3681 1102 3739 molum
1126 3679 1237 3740 aceedit
1256 3678 1389 3758 molum]

825 3778 923 3838 Intell.
952 3777 985 3835 Si
1011 3788 1121 3855 praeter
1141 3775 1173 3833 id
1199 3774 1281 3843 mali,
1309 3773 1391 3852 quod

825 3873 962 3952 captivus
987 3882 1040 3930 aut
1066 3890 1170 3930 servus
1196 3879 1249 3937 eat,
1277 3868 1393 3927 aceedit

825 3968 901 4029 illud
915 3968 1014 4037 etiam,
1029 3966 1112 4045 quod
1124 3965 1236 4025 catenis
1245 3974 1298 4023 aut
1311 3983 1391 4023 eom-

826 4063 956 4142 pedibua
976 4062 1142 4129 vinciatur,
1175 4058 1256 4117 haud
1283 4058 1393 4117 mirum

826 4171 872 4219 est
884 4161 909 4219 si
920 4180 1011 4242 quem
1021 4158 1198 4218 conditionis
1210 4167 1273 4215 tam
1282 4157 1394 4236 iniquae

827 4260 980 4338 poeniteat,
1004 4268 1035 4316 et
1053 4255 1149 4334 magis
1165 4254 1321 4333 magisque
1341 4274 1393 4312 au-

829 4353 935 4429 fugere
955 4351 1081 4410 studeat.
