3084 5017
1072 442 1721 507 MENAECHMEI.
2489 442 2579 525 37

418 641 657 729 Quem
683 667 813 740 ego
841 641 1221 729 hominem,
1260 644 1317 716 si
1349 643 1638 739 quidem
1666 644 1846 728 vivo,
1885 644 2031 717 vita
2069 642 2381 718 evolvam
2411 647 2576 717 sua!

422 769 567 842 Sed
599 793 729 866 ego
762 768 1025 842 stultus
1059 792 1237 852 sum,
1275 768 1397 864 qui
1433 765 1630 839 illius
1666 792 1812 839 esse
1848 748 2216 864 die-otquae
2245 793 2403 840 mea
2432 777 2581 839 est:

424 894 601 968 Meo
634 897 788 968 cibo
821 905 897 968 et
930 904 1172 967 sumtu
1208 893 1604 967 educatust.
1679 893 1960 967 Anima
1992 895 2280 992 privabo
2314 894 2581 965 virum!

428 1021 793 1130 Qdigne
835 1031 1075 1094 autem
1120 1018 1269 1093 haeo
1299 1019 1639 1094 meretrix
1672 1017 1865 1104 fecit,
1916 1031 2002 1092 ut
2033 1044 2184 1093 mos
2219 1029 2325 1093 est
2363 1043 2586 1091 mere-

718 1150 1002 1221 tricius:
2471 1160 2584 1211 805

428 1274 612 1359 Quia
628 1300 796 1374 rogo
817 1276 1103 1373 pallam,
1129 1286 1215 1349 ut
1235 1275 1579 1348 referatur
1599 1297 1880 1346 rursum
1901 1272 1990 1345 ad
2019 1297 2307 1345 uxorem
2332 1269 2585 1356 meam.

429 1401 627 1475 Mihi
666 1429 739 1477 se
773 1405 877 1477 ait
921 1405 1216 1478 dedisse.
1320 1401 1520 1487 Heu,
1574 1401 1820 1498 edepol
1855 1425 1963 1472 11ae
2004 1425 2133 1497 ego
2176 1398 2385 1472 homo
2429 1400 2589 1468 vivo

717 1529 965 1603 miser!

235 1648 367 1721 SE.
427 1650 730 1739 Audin',
762 1678 915 1750 quae
940 1654 1253 1751 loquitur
1272 1656 1307 1724 Ρ

1063 1779 1293 1852 ΜΕΙ).
1334 1778 1425 1851 Se
1450 1777 1785 1850 miserum
1812 1775 2165 1875 praedioat.

1908 1901 2041 1974 SE.
2081 1899 2331 1973 Adeas
2357 1900 2593 1972 velini.

238 2022 469 2096 MED.
495 2023 737 2098 Salvos
758 2027 872 2113 sis,
902 2027 1363 2101 Menaechme.
1417 2028 1702 2114 Quaeso,
1732 2051 1854 2098 cur
1875 2034 2152 2122 apertas
2172 2021 2537 2096 brachium
2557 2028 2589 2092 ‘r'

435 2149 606 2224 Non
641 2164 726 2226 tu
760 2155 914 2239 soiS,
947 2168 1295 2250 quantum
1326 2155 1451 2226 isti
1484 2154 1726 2227 morbo
1759 2176 1951 2224 nuno
1975 2162 2102 2224 tuo
2127 2149 2338 2223 facias
2365 2148 2589 2220 mali?

238 2327 282 2360 v.
312 2313 424 2361 802.
469 2313 631 2371 Quem,
661 2322 709 2362 et
736 2331 832 2374 ego,
861 2325 909 2364 et
935 2318 1048 2373 vita,
1078 2331 1174 2364 non
1202 2315 1317 2364 elid.
1372 2317 1478 2364 804.
1508 2315 1630 2373 Meo,
1657 2313 1909 2373 monosyll.
1980 2313 2085 2362 807.
2115 2311 2218 2369 Nae,
2249 2325 2344 2360 non
2365 2312 2601 2372 lisquffitzitf

236 2428 366 2487 haec
401 2429 600 2505 palam
630 2428 854 2488 feeerit.
936 2431 1092 2488 Nam
1124 2450 1259 2508 quae
1294 2431 1371 2489 de
1470 2429 1653 2488 semel
1715 2427 2022 2487 induxerit
2084 2427 2393 2506 parasitus,
2469 2428 2601 2504 ipsu

240 2523 479 2602 Ulysse,
521 2525 985 2602 Agamemnonis
1020 2510 1370 2595 eonsiliario,
1468 2526 1628 2584 facto
1674 2524 1749 2583 de
1797 2525 1887 2582 sui
1929 2525 2068 2603 jure
2115 2522 2413 2582 concedit:
2477 2524 2597 2580 Im-

238 2632 487 2680 narrant
538 2622 808 2701 Interpp.
859 2623 1058 2682 locum
1109 2622 1209 2681 hic
1253 2643 1373 2680 non
1469 2627 1688 2696 putant
1719 2617 1876 2676 enim
1911 2618 2024 2676 ista
2051 2617 2268 2694 RegeS,
2305 2628 2365 2676 et
2393 2636 2597 2692 quam-

238 2720 499 2790 habent;
565 2720 631 2779 in
693 2721 857 2780 nulla
917 2721 1076 2780 enim
1139 2739 1204 2779 re
1255 2721 1374 2780 fuit
1472 2714 1564 2772 vis
1589 2732 1774 2791 parva
1797 2723 1997 2771 tamen
2023 2712 2337 2790 imputant.

243 2815 568 2874 Penimllufi
594 2835 798 2874 8118801·
822 2826 925 2874 aut
949 2815 1219 2874 minister
1245 2815 1373 2894 regi
1552 2834 1682 2886 804.
1761 2825 1900 2884 Meo
1925 2825 2049 2884 cibo
2074 2834 2128 2884 et
2155 2828 2397 2904 sumtu]
2445 2828 2601 2884 Cun-

242 2934 387 2985 su03
425 2914 610 2972 immo
636 2933 771 2972 suas
793 2914 995 2992 potius
1019 2933 1116 2972 res
1141 2914 1373 2991 agebat,
1470 2923 1564 2981 fer
1591 2923 1727 2981 Ter.
1757 2922 1999 2980 Phorm.
2029 2921 2114 2980 ΙΙ.
2146 2940 2217 2978 11.
2247 2929 2493 2980 24-31.

243 3017 305 3066 et
328 3005 625 3084 imprimis
649 3009 953 3066 metuebat
983 3005 1249 3084 lifigium
1282 3005 1375 3065 in·
1473 3035 1505 3058 ‘⁴
1527 3032 1647 3081 Ten’
1665 3032 1960 3091 asymbolum
1979 3031 2154 3090 venire,
2177 3048 2325 3091 quum
2343 3032 2425 3080 ille
2445 3040 2601 3080 sumtu

243 3115 334 3163 ter
361 3104 561 3162 virum
585 3114 647 3163 et
671 3123 932 3174 uxorem,
958 3124 1035 3163 ne
1059 3104 1191 3182 ipse
1210 3122 1379 3163 coena
1589 3105 1896 3154 absumitur.”
1926 3121 2028 3166 sqq.

248 3199 569 3260 excideret.
636 3199 819 3280 (Vide
846 3221 942 3259 vv.
972 3207 1065 3260 50.
1095 3202 1220 3279 75.)
1474 3199 1598 3260 Ubi
1638 3199 2000 3278 lepidissime
2045 3199 2437 3278 parasitorum
2485 3200 2605 3260 vita

322 3345 405 3358 —
485 3310 605 3370 Suo
650 3309 829 3391 regi.]
908 3311 1005 3371 Sic
1044 3312 1378 3390 appellatur
1474 3298 1849 3357 describitur·

251 3407 683 3477 Menaechmus,
738 3418 883 3466 noto
936 3407 1223 3467 vocabulo
1274 3427 1378 3485 pa-
1553 3443 1634 3455 -
1686 3406 1951 3488 Anima]
1977 3407 2121 3466 ‘His
2135 3407 2377 3466 breath.'
2409 3408 2605 3480 Quam

238 3503 457 3572 tronis,
523 3523 559 3561 a
623 3502 744 3560 suis
808 3501 1026 3580 cuique
1088 3501 1377 3580 parasitiS‚
1479 3501 1660 3560 solam
1681 3501 1974 3580 permittit
1992 3511 2061 3558 ut
2072 3501 2373 3580 propriam
2393 3500 2609 3560 habeat.

254 3599 461 3657 indito.
543 3598 678 3658 Ter.
719 3597 959 3656 Phorm.
989 3599 1075 3657 ΙΙ.
1104 3620 1170 3658 11.
1211 3607 1305 3659 24.
1477 3599 1589 3657 iste
1613 3599 1793 3656 homo
1819 3598 2084 3657 omnium
2111 3598 2509 3668 niiserrinius3
2549 3612 2609 3656 et

254 3715 287 3737 “
306 3709 678 3768 Nemosatispro
692 3708 855 3757 merito
868 3708 1061 3768 gratiam
1074 3713 1176 3769 regi
1190 3708 1382 3759 refert.’'
1480 3713 1605 3752 sese
1640 3693 1767 3772 jam
1809 3693 1919 3751 hac
1954 3712 2194 3770 quoque
2233 3713 2369 3750 eum
2409 3692 2605 3768 priva*

257 3799 442 3857 Plura
464 3797 736 3875 exempla
760 3797 897 3859 vide
923 3797 987 3854 in
1014 3796 1205 3855 Gloss.
1479 3801 1684 3849 turum
1724 3789 2156 3848 interminatur.

335 3897 468 3968 803.
534 3905 764 3985 Illius]
839 3902 970 3964 Vita
998 3926 1105 3964 sua
1133 3906 1379 3976 dixerat,
1561 3911 1690 3973 809.
1777 3902 1899 3962 Cur
1939 3909 2177 3981 apertas
2224 3900 2517 3960 brachium
2537 3904 2609 3980 ἱὲ]

256 4002 364 4065 sed
398 4000 643 4079 corrigit
677 4019 738 4058 se
769 3998 884 4080 iste
919 3999 1230 4070 PatronuS,
1271 4021 1383 4059 nec
1484 3999 1681 4078 ‘Why
1718 3999 1796 4057 do
1831 4020 1951 4078 you
1984 4019 2200 4077 expose
2232 4019 2381 4076 your
2421 4020 2545 4056 arm
2565 4004 2609 4056 3¹⁵

258 4094 531 4154 Peniculi
581 4113 713 4152 eam
767 4094 1021 4172 amplius
1073 4115 1217 4163 esse,
1279 4096 1384 4153 sed
1484 4093 1567 4152 H.
1596 4114 1645 4152 e.
1733 4094 2036 4163 DenudaS,
2129 4095 2417 4173 ἐξωμίζεω.
2525 4096 2613 4152 Ut

256 4211 421 4250 suam
448 4188 634 4269 ipsius
660 4189 893 4268 judicat
910 4212 930 4260 ς
973 4190 1114 4267 quia
1139 4189 1380 4260 scilicet,
1484 4191 1614 4248 Mil.
1643 4199 1808 4260 1170.
1860 4201 1900 4227 “
1920 4193 2297 4271 Expapillato
2314 4192 2613 4252 brachiu-³⁸

259 4307 400 4346 eum
423 4285 615 4344 aliena
639 4285 841 4347 vivere
868 4284 1097 4362 quadra
1120 4285 1384 4344 animum
1485 4287 1706 4346 GRAEv.
