3084 5017
240 467 306 540 liu
621 504 627 514 ·
649 471 964 536 GLOSSARIUM

294 679 363 731 151.
406 664 457 738 El
479 668 545 755 re.]
603 671 685 732 This
716 669 875 734 business.
935 676 981 733 Re
1001 674 1115 752 antiqu.
1135 690 1190 749 pro
1211 667 1264 727 rei.
1306 664 1404 729 infra.

239 791 307 858 667·
322 799 388 858 714.
430 792 495 850 Mil
514 793 554 851 G.
569 802 596 852 4.
637 793 706 862 Die,
730 793 876 872 prodici.
900 797 954 853 &c
993 791 1078 869 Virg.
1092 791 1130 848 G.
1149 790 1175 847 1.
1192 795 1261 847 208.
1302 783 1397 841 “Die

240 904 424 981 somnique.”
458 904 524 963 AEn.
539 904 596 964 VI.
611 914 677 973 877.
712 905 781 963 “ln
792 915 910 964 tantum
922 907 1000 984 spe.''
1022 923 1081 982 pro
1090 901 1161 982 spei.
1200 901 1278 958 Hor.
1294 897 1355 956 Sat
1369 893 1398 951 Ι.

240 1033 292 1072 111.
306 1023 354 1084 95.
396 1015 596 1075 “Prodiderit
616 1015 773 1076 commissa
781 1015 876 1092 fide.''
918 1016 975 1075 Ov.
991 1016 1063 1074 Met.
1078 1013 1139 1071 111.
1154 1019 1234 1071 341..
1261 1006 1396 1066 “Prima

231 1131 299 1208 fide
319 1131 508 1189 tentamina”
529 1133 584 1190 &c
624 1130 743 1190 Videsis
764 1132 802 1188 A.
825 1131 901 1191 Gell.
923 1131 978 1189 IX.
1001 1138 1046 1189 14.

199 1278 202 1286 ¹
302 1295 365 1347 152.
414 1279 554 1372 Istros]
602 1290 726 1348 Histria
746 1290 867 1359 incolas,
887 1310 955 1368 quae
973 1298 1019 1346 est
1040 1287 1231 1364 Illyricorum
1254 1282 1338 1360 regio
1356 1278 1394 1338 ad

243 1434 389 1474 summam
408 1415 501 1472 Maris
520 1413 689 1473 Hadriatici
709 1435 801 1473 oram.
862 1414 964 1473 Hodie
985 1409 1098 1471 istria.

248 1565 252 1570 ’
297 1605 346 1620 ·-
394 1566 666 1659 Massilienses]
719 1577 863 1637 Massiliae
903 1579 1000 1648 civem
1051 1576 1154 1635 Hodie
1193 1567 1396 1634 Marseillcs.

243 1698 447 1760 Narbonensis
468 1697 613 1756 Secundae
633 1699 790 1777 oppidum,
811 1699 850 1758 ad
869 1719 951 1757 oram
972 1698 1079 1757 Gallici
1100 1697 1200 1758 Sinus.

298 1889 351 1904 -
382 1839 555 1932 Illurios.]
595 1850 709 1909 Illuriae'
720 1850 848 1929 populos
859 1873 869 1920 3
894 1849 997 1908 Hodie
1010 1845 1184 1909 Dalmatia
1197 1859 1228 1907 et
1242 1841 1398 1904 Albania.

244 1974 353 2034 littori
373 1972 520 2033 Orientali
541 1971 637 2031 Maris
661 1971 839 2041 Hadriatici,
861 1970 929 2029 h.e.
954 1970 1056 2028 Maris
1075 1968 1193 2048 Superi,
1214 1968 1340 2027 accolas.

304 2128 369 2180 153.
423 2111 528 2183 Mare
546 2108 749 2207 Superum]
806 2114 877 2177 The
900 2115 1091 2177 Hadriane.
1131 2118 1245 2175 Contra
1264 2111 1402 2191 lifferam

246 2231 429 2310 appellatum
447 2240 493 2287 est
513 2230 599 2288 Mare
619 2229 820 2306 Tyrrhenum.
860 2229 959 2288 Simul
977 2239 1192 2289 commemorat
1206 2226 1296 2304 Virg.
1310 2223 1349 2281 G.
1364 2239 1401 2279 n.

249 2349 314 2401 158.
355 2349 375 2376 “
384 2342 434 2398 An
453 2359 534 2398 mare
554 2339 635 2417 quod
656 2361 746 2419 supra
768 2361 942 2410 memorem,
963 2342 1107 2420 quodque
1125 2341 1212 2402 adluit
1230 2338 1368 2420 irffra.9”

305 2527 356 2538 -
401 2479 573 2554 Graeciam
596 2481 801 2573 exoticam]
848 2492 947 2551 Intell.
981 2492 1086 2571 Major
1103 2491 1244 2556 Groeeim·
1274 2510 1344 2569 qua
1358 2498 1403 2547 est
1526 2562 1527 2567 Ἰ

249 2610 352 2668 infima
363 2628 432 2688 pus
445 2607 555 2667 iana:
571 2608 651 2668 nea
662 2611 700 2669 ab
713 2610 749 2668 us
764 2610 889 2680 oraui,
901 2611 964 2688 qui,
974 2582 1054 2670 arci
1064 2611 1196 2689 mojana
1208 2620 1357 2687 tempora,
1370 2608 1404 2665 sn

249 2722 313 2781 haec
330 2722 395 2782 loca
413 2721 655 2798 commigrarunt,
673 2732 706 2780 et
724 2721 853 2780 colonias
876 2722 1021 2800 plurimas
1040 2722 1085 2781 ibi
1104 2721 1317 2780 condiderunt.

305 2905 357 2920 --
398 2860 617 2954 Emittam]
664 2868 819 2948 Foreign.
866 2875 926 2934 Est
953 2875 1019 2935 haec
1044 2895 1105 2934 vox
1136 2898 1174 2936 ex
1203 2876 1242 2934 iis
1269 2896 1339 2952 quae
1371 2873 1406 2930 in
1525 2856 1526 2867 ἵ

249 2990 384 3066 linguam
404 2987 599 3047 Latinmn'ex
621 2989 729 3048 Graeca
749 2991 905 3050 translatae
927 2989 1009 3051 'sunt
1059 2995 1105 3052 Ea
1126 3005 1230 3053 autem
1251 2993 1313 3052 hoc
1338 2991 1406 3049 loco

248 3092 323 3158 usus
342 3107 387 3156 est
405 3095 527 3166 Noster,
544 3109 614 3157 tum
634 3099 705 3175 quia
724 3111 787 3160 erat
805 3101 840 3158 in
856 3101 965 3161 Graeca
985 3103 1088 3162 fabula
1105 3104 1188 3164 unde
1208 3105 1276 3164 haec
1297 3099 1406 3162 Latine
1524 3150 1525 3165 .

249 3210 368 3270 reddita
380 3221 425 3268 est
432 3231 442 3279 ;
462 3220 531 3267 tum
545 3211 615 3287 quia
628 3212 786 3281 Messenio,
800 3225 835 3272 ut
849 3214 979 3283 Siculus,
994 3215 1101 3276 (iraeoe
1113 3218 1262 3296 loquitur,
1276 3218 1406 3294 ideoque

252 3317 370 3379 Italiam
390 3318 523 3396 ἐξωτικὴν
543 3317 581 3377 de
600 3339 682 3379 more
701 3323 842 3381 nominat.

251 3561 253 3566 Ι
311 3489 376 3540 155.
422 3472 572 3564 Auum]
622 3485 685 3543 Pro
700 3488 805 3564 quavis
823 3509 855 3547 re
871 3491 1079 3550 minutissima.
1122 3493 1325 3552 Proverbium
1338 3511 1405 3551 ver·

250 3602 391 3662 naculum
414 3602 486 3661 citat
501 3601 632 3680 interpr.
654 3603 788 3662 Britann.
831 3606 920 3665 ‘You
941 3629 992 3668 are
1013 3610 1141 3688 secking
1161 3633 1183 3669 a
1204 3612 1313 3672 needle
1334 3612 1367 3669 iu
1388 3631 1406 3667 a

247 3715 346 3774 bottle
365 3714 401 3771 of
415 3712 493 3788 hay!

310 3878 377 3937 156.
430 3869 470 3942 si
492 3871 704 3968 adpareret]
755 3885 798 3964 If
827 3888 855 3947 it
889 3891 1034 3962 mistam·
1074 3911 1160 3954 were
1194 3890 1319 3953 vanu.
1374 3886 1407 3946 si

257 3995 391 4057 exstaret.
432 3999 521 4058 Truc.
543 4002 607 4061 536.
647 4004 760 4064 “Huic
782 4008 834 4067 des
856 4015 1060 4088 quantumvis,
1083 4036 1239 4095 nusquam
1259 4013 1408 4093 adporct·”

314 4151 377 4210 161.
407 4145 618 4244 ¹Praeterea.]
648 4159 946 4242 ¹Tlseucesorward.
991 4173 1059 4230 AEn.
1076 4176 1100 4232 Ι.
1116 4185 1164 4247 49.
1209 4179 1407 4254 “Quisquam

259 4287 368 4326 numen
388 4271 513 4329 Junonis
534 4275 634 4333 adoret
660 4287 848 4355 praetcrca?''
890 4287 993 4365 (After
1014 4291 1097 4371 this)
1140 4297 1221 4355 Vide
1242 4284 1343 4376 Supra
1360 4289 1408 4350 36
