3084 5017
499 490 549 552 IN
580 484 906 552 unumunurm.
1208 479 1273 560 117
1351 492 1354 495 ·

183 703 230 755 14.
281 686 535 778 Demensum.]
579 691 760 756 Moosured
777 698 843 753 out.
886 699 1009 755 Dorum.
1028 697 1060 754 in
1074 696 1142 755 Ter.
1159 695 1277 754 Phorm.

128 816 150 873 Ι.
166 835 187 874 1.
202 826 231 886 9.
274 817 387 876 ”Servi
402 825 561 895 quaternos
579 815 695 873 modios
709 815 898 892 accipiebant·
912 817 1056 874 fr'umenti
1076 816 1109 873 in
1129 835 1278 875 mensem:

125 937 156 986 et
172 927 205 985 id
224 929 386 986 demensum
406 927 524 987 dicitur.
565 927 607 985 Et
620 936 722 984 utrum
736 947 753 985 a
766 947 868 995 mense,
887 947 926 984 an
944 948 961 985 a
979 926 1117 1014 metiendo
1133 927 1280 987 incertum

126 1048 202 1098 est.“
257 1041 325 1098 Irno
345 1041 445 1119 ipsum
468 1040 572 1100 mensis
591 1062 609 1099 a
631 1039 739 1109 metior,
765 1039 867 1116 “quia
889 1059 986 1096 menso
1010 1041 1105 1117 spatia
1127 1040 1281 1099 conficit:”

128 1149 184 1226 (Ut
204 1153 248 1210 ait
270 1152 330 1210 Cic.
352 1152 399 1210 De
420 1153 461 1209 N.
471 1151 510 1209 D.
531 1153 594 1228 27.)

185 1340 232 1390 15.
284 1322 439 1416 Modio]
488 1331 540 1412 By
560 1331 613 1392 the
626 1332 718 1411 poelt.
766 1333 896 1404 Modica,
910 1354 1050 1393 mensura
1068 1346 1113 1393 est
1130 1335 1282 1394 aridorum

128 1461 158 1510 et
177 1452 374 1530 liquidorum,
397 1455 552 1513 continens
576 1454 718 1513 sextarios
741 1454 891 1514 sexdecim
902 1477 911 1526 3
935 1455 1049 1530 (rather
1070 1475 1152 1515 more
1172 1457 1246 1514 than
1267 1478 1285 1514 a

128 1565 206 1642 peck
222 1565 352 1645 English
360 1569 385 1646 3)
406 1577 439 1626 ut
452 1567 548 1637 docet,
563 1589 599 1627 ex
613 1568 794 1645 optimorum
807 1568 992 1636 auctoritate,
1008 1568 1099 1626 Face.
1133 1568 1284 1627 Caeterum

129 1687 173 1735 est
187 1697 205 1734 a
219 1675 328 1748 modus,
344 1679 415 1755 quia
429 1677 486 1738 hac
499 1699 638 1738 mensura
655 1679 821 1758 plurimum
839 1679 886 1736 usi
905 1688 975 1737 sunt
993 1678 1126 1737 Romani.
1167 1679 1216 1738 Ita
1227 1699 1282 1737 nos

131 1785 192 1841 κατ’
222 1785 331 1866 ἐζοχήν
353 1785 490 1856 dicimus,
515 1791 715 1846 ‘ameasure.'
754 1788 816 1846 Cic.
831 1787 896 1845 Att.
911 1786 965 1844 Vl.
982 1796 1007 1845 1.
1020 1795 1096 1866 post.
1109 1788 1180 1846 med.
1214 1786 1282 1865 [cit.

130 1918 177 1975 ap.
192 1895 319 1974 Giton]
360 1906 379 1930 “
389 1887 520 1966 Habent,
537 1897 623 1976 pleno
642 1899 741 1967 modio,
763 1899 924 1960 verborum
943 1897 1114 1956 honorem.''

185 2125 238 2137 -·-
285 2082 499 2175 TrimodI0.]
546 2089 599 2171 By
629 2090 718 2152 three
746 2091 855 2171 pecho.
917 2095 1116 2165 Trimodium‚
1142 2117 1282 2156 mensura

131 2211 225 2270 trium
239 2210 418 2270 modiorum.
460 2212 535 2270 Plin.
552 2211 706 2271 XXXIII.
723 2222 748 2272 1.
779 2214 917 2290 “Neque
930 2211 1010 2270 enim
1023 2211 1109 2271 aliter
1121 2215 1288 2291 potuissent

131 2323 267 2384 trimodia
282 2324 333 2382 illa
346 2325 503 2383 anulorum
517 2324 729 2404 Carthaginem
742 2325 848 2384 mitti.”

190 2580 242 2592 -
289 2532 373 2631 Ipso
399 2530 551 2626 horreo]
609 2539 662 2620 By
686 2541 740 2602 tle
770 2540 942 2624 barason.
990 2544 1146 2614 Horreum,
1174 2545 1289 2604 dictum

135 2663 260 2722 fortasse
284 2663 369 2739 quasi
392 2661 537 2732 hordeum,
565 2661 674 2740 ”quod
697 2663 819 2741 proprie
842 2663 935 2722 fuerit
957 2664 1040 2722 locus
1063 2661 1176 2721 hordeo
1195 2684 1288 2722 asser-

135 2774 236 2832 vando
249 2773 496 2843 accommodatus,
511 2784 546 2832 ut
547 2771 688 2851 farreum
702 2774 734 2832 in
748 2795 809 2852 quo
822 2784 1016 2852 reponeretur
1018 2771 1098 2853 far:
1120 2773 1172 2832 sed
1185 2786 1289 2852 postea

135 2887 194 2945 dici
213 2883 339 2962 coeperit
366 2883 404 2942 de
427 2882 628 2960 quarumlibet
649 2884 775 2962 frugum
800 2885 1007 2963 repositorio.“
1034 2883 1124 2941 Fnoc.
1166 2885 1228 2943 Alii
1251 2890 1289 2946 ab

136 2992 209 3077 dpe'u
232 3014 314 3062 curo,
336 3003 371 3051 ut
391 2991 429 3050 sit
448 3012 504 3070 pro
525 2991 627 3073 αἱρεῖον.
668 2994 730 3051 Alii
750 3015 806 3072 pro
826 2999 935 3074 ω’μαῖον,
956 2994 994 3051 ab
1015 2992 1080 3071 ὥρα.

196 3222 245 3282 16.
292 3212 534 3309 BenignitaS.]
582 3218 849 3302 Bourttifulrteaa.
874 3222 1026 3295 eiectos.
1048 3235 1068 3262 “
1077 3227 1124 3286 Ne
1137 3228 1213 3286 bene
1227 3247 1289 3285 me-

138 3347 216 3404 renti
237 3345 276 3404 sit
292 3343 371 3402 malo
388 3341 577 3421 benignitas.''
618 3342 699 3418 (The
716 3343 780 3400 free
798 3343 858 3400 and
874 3343 980 3401 liberal
999 3364 1122 3405 manner
1139 3346 1171 3403 in
1191 3344 1291 3404 which

140 3456 191 3515 she
212 3455 269 3512 has
287 3454 351 3512 told
368 3473 404 3512 us
422 3453 485 3530 all.)
527 3452 637 3511 Differt
649 3461 749 3510 autem
763 3473 781 3510 a
793 3451 979 3540 liberalitate,
993 3455 1035 3513 ait
1054 3454 1144 3514 Face.
1184 3455 1291 3513 ”Nam

139 3566 305 3626 liberalitas
327 3576 462 3626 versatur
482 3564 689 3624 tantummodo
710 3565 741 3623 in
762 3564 934 3642 largitione:
960 3565 1124 3646 benignitas
1144 3569 1292 3646 significat

140 3677 364 3737 inclinationem
378 3675 416 3734 ad
428 3674 677 3734 benefaciendum
691 3695 871 3752 quocunque
883 3676 973 3736 modo
985 3698 1152 3755 possumus.
1183 3677 1293 3737 Differt

139 3793 232 3852 etiam
249 3813 267 3850 a
285 3791 424 3859 comitate,
446 3789 512 3848 haeo
532 3789 612 3847 enim
631 3787 765 3847 consistit
782 3787 814 3845 in
832 3788 949 3847 blandis
967 3809 1002 3848 ao
1021 3791 1172 3849 benevolis
1190 3789 1292 3860 verbis,

141 3907 193 3966 illa
212 3906 298 3964 inre
318 3914 348 3962 et
356 3900 486 3980 factis.“

202 4121 248 4182 19.
299 4102 445 4193 Maton]
471 4103 740 4172 Foster-mothon-
757 4111 875 4162 nurse
893 4104 993 4172 Τιτθή.
1012 4103 1131 4162 Nonius
1140 4105 1211 4182 Cap.
1219 4103 1255 4162 V.
1264 4113 1294 4174 9,

144 4235 211 4312 (qui
226 4233 308 4290 hunc
322 4229 420 4288 locum
435 4229 530 4306 citat)
546 4228 596 4296 ait,
611 4229 627 4248 ''
640 4223 774 4283 Genitric
785 4246 802 4281 a
812 4231 903 4280 matre
912 4222 990 4282 hanc
1003 4223 1093 4282 habet
1107 4223 1294 4283 distantiam:

144 4344 225 4422 quod
247 4340 387 4420 genitrix,
409 4359 523 4416 semper
546 4357 612 4414 quae
635 4333 776 4414 genuerit,
802 4343 1010 4410 nuncupatur3
1036 4341 1126 4392 mater
1150 4355 1220 4393 vero
1243 4336 1296 4394 ali-
