3084 5017
545 453 596 517 1N
625 453 952 523 MENAECHMEI.
1245 452 1312 539 137

223 659 270 709 83.
318 643 458 742 Edepol
482 643 567 737 nae.]
618 657 682 716 Ναὶ.
722 661 829 730 Certe,·
860 661 1003 738 profecto.
1056 660 1148 720 Haud
1175 681 1243 722 raro
1269 663 1316 722 he

160 792 253 832 voces
275 774 356 851 apud
378 775 521 834 Nostrum
537 776 718 854 junguntur.
758 778 847 836 Cure.
862 785 929 838 383.
969 779 1055 838 Asin.
1069 779 1135 840 536.
1156 788 1221 842 543.
1243 785 1297 842 dec.

221 977 272 990 -
298 930 501 1029 Agitator]
531 929 766 1004 Acharioteer.
808 946 934 1024 Auriga,
949 946 1001 1024 qui
1016 967 1109 1025 equos
1122 947 1153 1006 in
1167 948 1317 1008 curriculo

158 1060 234 1138 agit.
276 1060 343 1120 AEn.
357 1061 400 1118 ΙΙ.
415 1061 480 1129 476.
515 1063 700 1141 “Equorum
720 1063 850 1142 agitator
871 1064 1027 1124 Achillis.”
1067 1065 1207 1134 creati.
1223 1065 1314 1124 XIII.

158 1180 209 1230 21.
252 1173 430 1232 “Sustineat
447 1194 579 1245 currum,
599 1187 634 1234 ut
651 1175 733 1234 bonu'
758 1197 836 1254 saepe
854 1175 982 1254 agitator
1002 1181 1181 1256 equosque.”
1221 1179 1315 1238 Acad.

161 1282 236 1341 “Ut
249 1283 378 1361 agitator
391 1284 524 1356 collidus,
538 1286 713 1364 priusquam
728 1287 766 1345 ad
780 1287 869 1346 finem
884 1287 1010 1357 veniam,
1024 1309 1117 1366 equos
1136 1289 1314 1348 sustinebo.''

218 1461 266 1512 84·
315 1447 473 1532 Quidum
486 1443 523 1538 ?]
572 1452 658 1515 How
682 1455 742 1517 so?
789 1455 867 1514 Vide
891 1454 975 1513 Infra
997 1463 1043 1516 88.
1084 1456 1212 1516 Videtur
1233 1479 1311 1537 prae·

159 1576 249 1654 cipue
267 1577 382 1637 dictum
404 1577 455 1636 ubi
478 1577 592 1655 aliquid
612 1597 668 1635 nec
687 1577 808 1654 opinato
825 1576 978 1652 quaritur,
1000 1587 1030 1634 et
1047 1575 1207 1654 saepissime
1227 1577 1258 1634 in
1279 1595 1313 1636 re

158 1689 299 1748 absurda.
340 1689 425 1747 Conf.
442 1689 524 1748 Asin.
539 1689 605 1760 596.
647 1690 735 1769 Epid.
750 1697 817 1759 290.
832 1691 884 1748 &c

216 1905 268 1918 --
314 1857 539 1958 Respectan]
590 1868 659 1930 Yeu
689 1869 760 1930 took
791 1868 881 1930 beet.
933 1871 1193 1950 ''Respectareest
1211 1871 1311 1930 crebro

157 2000 238 2048 retro
257 1990 419 2069 adspicere,
442 2002 472 2050 et
491 1992 591 2050 oculos
612 2000 815 2068 retorquere.“
854 1991 956 2048 Lauri.

215 2217 267 2230 -·
291 2169 528 2262 Identidem]
566 2179 676 2260 Eeery
690 2199 763 2240 reow
779 2179 847 2240 aad
860 2179 960 2248 Hiera,-
976 2179 1066 2262 from
1084 2181 1160 2240 time
1174 2185 1207 2240 to
1219 2179 1304 2239 time.

156 2301 266 2360 Catull.
282 2301 335 2359 LI.
349 2310 376 2361 3.
418 2304 507 2376 “Qui
527 2303 630 2362 sedens
643 2304 785 2362 adversus
799 2302 949 2361 identidem
963 2313 993 2360 te
1007 2302 1130 2381 Spectat
1142 2312 1173 2361 et
1186 2301 1296 2360 audit?

202 2471 266 2543 85.
314 2473 459 2568 Enim]
514 2485 605 2565 Wty,
631 2484 720 2546 tabe
746 2504 833 2546 sure.
880 2485 1033 2546 Serviliter
1055 2485 1308 2564 suppurasitantis.

156 2605 224 2664 Aut
243 2616 342 2684 potest
354 2627 409 2685 per
422 2607 549 2686 ellipsin,
566 2607 614 2684 (ut
628 2607 789 2685 saepissime
804 2607 943 2666 Graecum
957 2607 1038 2683 adp)
1061 2604 1173 2683 accipi:
1197 2603 1309 2664 Sensus

155 2739 230 2796 ergo
243 2719 310 2789 erit,
334 2720 444 2798 ‘Egone
453 2719 608 2800 r-(Quid
620 2742 677 2797 ego
690 2722 787 2779 aiam?
809 2739 918 2796 nempe
932 2717 1059 2796 nihil-)
1073 2717 1121 2774 aio
1134 2714 1207 2774 enim
1221 2715 1263 2783 id,
1277 2725 1308 2774 et

156 2851 246 2910 nego,
266 2833 348 2910 quod
361 2845 394 2892 tu
409 2835 451 2893 ais
465 2847 495 2894 et
504 2838 613 2913 negas!
654 2835 745 2907 Quod
759 2833 921 2912 Sophocles
935 2843 1030 2903 vocat,
1047 2831 1097 2887 Σοὶ
1118 2831 1141 2887 δ’
1162 2833 1306 2888 tritavum

155 2944 264 3018 στόμα.
298 2947 402 3025 Antig.
416 2955 482 3018 309.
516 2948 607 3007 Adde
620 2969 657 3008 ex
670 2947 782 3006 Leuni
799 2947 866 3004 Ter.
886 2945 966 3004 Eun.
981 2944 1024 3002 11.
1039 2963 1075 3002 11.
1090 2954 1137 3004 21.
1179 2943 1307 3022 “Negat

156 3061 236 3144 quis,
250 3078 341 3135 nego:
355 3057 406 3126 ait,
417 3059 476 3116 aio:
491 3069 641 3136 postremo
651 3057 795 3135 imperavi
806 3064 924 3132 egomet
933 3052 1017 3120 mihi,
1028 3052 1305 3110 omniaassentari.”

213 3241 261 3301 86.
310 3234 367 3305 De
384 3234 515 3326 odore]
557 3247 643 3303 Curc.
659 3252 705 3303 81.
747 3252 767 3278 “
776 3242 824 3301 De
835 3241 919 3300 odore
932 3242 1035 3300 adesse
1047 3261 1096 3298 me
1110 3241 1193 3299 acit.”

215 3446 263 3505 87·
312 3431 559 3526 Conjeeturam
585 3430 724 3520 facere]
780 3435 829 3496 To
852 3436 971 3498 diotae.
1014 3439 1059 3496 ld.
1083 3460 1133 3516 qu.
1155 3439 1305 3519 conjicere.

156 3561 213 3620 Est
226 3579 282 3618 vox
297 3561 419 3639 propria
431 3579 590 3638 augurum,
605 3579 656 3620 seu
671 3559 882 3637 haruspicum
907 3559 974 3635 (qui
995 3579 1209 3637 nonnunquam
1229 3557 1303 3618 Con·

145 3677 277 3754 jectores
290 3674 485 3752 appellantur.
514 3673 626 3752 Amph.
637 3671 703 3742 976.
735 3671 904 3730 “Tiresiam
915 3674 1099 3751 conjectorem
1113 3672 1305 3750 advocabo.”)

154 3787 269 3846 CistelI.
284 3795 350 3846 303.
392 3795 412 3820 “
421 3787 510 3845 Hanc
523 3806 579 3863 ego
593 3786 628 3842 de
640 3805 683 3842 me
696 3787 889 3862 conjecturam
903 3783 982 3841 domi
986 3784 1100 3862 saeio.”

209 4001 260 4012 ...
306 3948 489 4048 Captum]
509 3956 696 4020 Conantted.
719 3961 752 4017 Ei
766 3962 1094 4036 napuxanotwflnon:
1109 3963 1192 4022 Iaect.
1204 3964 1301 4022 Plaut.

152 4084 169 4104 '³
178 4079 303 4158 Capera,
317 4089 374 4138 etc.
388 4078 486 4138 estid.
501 4099 553 4156 qu.
564 4077 715 4146 adhibere,
727 4079 889 4137 consulere.
902 4079 960 4147 Sic,
974 4078 1086 4156 Capere
1095 4078 1236 4158 judicem,
1249 4102 1302 4139 ar·

151 4189 280 4262 bitrem;'
297 4190 427 4249 Mostell.
442 4197 508 4248 540.
523 4191 597 4265 Arg.
611 4190 722 4268 Amph.
741 4198 768 4257 7.
792 4190 998 4268 [“BIepharo,
1021 4197 1125 4269 captas
1145 4191 1301 4271 arbiter.”]

151 4303 213 4360 Pro
236 4301 402 4368 adsumere,
427 4300 566 4375 eligere.“
607 4300 652 4358 Ita
674 4299 758 4375 Virg.
783 4300 849 4358 AEn.
872 4300 907 4363 v,
931 4299 1052 4358 “Hunc
1079 4321 1149 4378 cape
1172 4301 1303 4359 consiliis

728 4418 745 4468 S
