3084 5017
554 482 879 547 MENAECHMEI.
1267 483 1308 549 61

130 675 215 749 ΜΕ.
232 677 317 763 Die,
334 704 412 753 mea
423 704 523 763 uxor,
537 679 625 776 quid
638 678 706 753 tibi
718 703 809 776 aegre
822 679 901 750 est?

802 803 876 877 ΡΕ.
893 802 1018 877 Bellus
1028 803 1210 878 blanditur
1221 806 1309 879 tibi!

1 916 2 921 ἵ
129 926 215 999 ΜΕ.
231 928 364 1015 Potin'‚
378 940 420 1003 ut
431 929 521 1003 mihi
532 929 701 1002 molestus
710 953 755 1002 ne
767 929 841 1000 sis?
860 951 947 1000 num
957 939 994 1000 te
1003 928 1171 1025 adpello?

913 1053 995 1125 Mu.
1013 1051 1308 1129 Aufermanum!

1 1242 2 1275 3
127 1179 203 1253 ΡΕ.
229 1180 289 1253 Sic
311 1179 435 1254 datur!
462 1181 658 1279 Properato
684 1181 829 1253 absente
854 1204 911 1251 me
936 1204 1088 1253 comesse
1109 1182 1311 1277 prandium,

227 1306 318 1379 Post
341 1317 425 1381 ante
447 1306 532 1379 aedis
559 1332 639 1380 eum
665 1330 791 1379 oorona
812 1330 870 1378 me
895 1305 1055 1381 derideto
1080 1309 1215 1383 ebrius!
1254 1327 1309 1379 531

1 1526 2 1533 ἵ
128 1432 213 1507 ΜΕ.
225 1430 355 1529 Neque
370 1432 494 1529 edepol
510 1457 575 1529 ego
592 1432 730 1530 prandi,
748 1457 864 1529 neque
881 1431 987 1505 hodie
1003 1431 1074 1507 hue
1090 1434 1186 1509 intro
1202 1439 1310 1512 tetuli

1 1544 2 1555 ¹
378 1555 515 1652 pedem.

128 1682 205 1753 ΡΕ.
230 1676 326 1752 Tun’
337 1682 471 1776 negas?

406 1834 409 1839 ’
428 1808 509 1880 ΜΕ.
527 1806 632 1902 Nego
645 1803 762 1880 hercle
775 1831 866 1879 vero.

690 1930 764 2004 ΡΕ.
783 1930 893 2005 Nihil
904 1931 970 2005 hoe
979 1931 1123 2007 homine
1133 1936 1312 2012 audacius.

230 2056 316 2130 Non
342 2082 407 2155 ego
432 2067 469 2130 te
492 2056 596 2130 modo
619 2054 678 2129 hie
703 2067 787 2131 ante
812 2057 896 2131 aedis
923 2084 1002 2131 eum
1029 2084 1154 2132 corona
1178 2062 1284 2137 florea

230 2185 321 2258 Vidi
356 2184 506 2268 adstare,
549 2210 654 2282 quom
688 2186 853 2283 negabas,
892 2187 942 2259 mi
957 2208 961 2218 ·
976 2211 1050 2258 esse
1083 2212 1208 2262 sanum
1242 2193 1314 2264 sin-

380 2312 508 2407 ciput?
938 2385 940 2388 ,
1255 2331 1313 2383 aaa

230 2435 284 2508 Et
313 2437 476 2531 negabas,
503 2460 560 2509 me
584 2435 744 2522 novisse3
774 2436 1001 2532 peregrinum
1027 2437 1123 2511 aibas
1148 2464 1222 2512 esse
1248 2445 1311 2515 te?

132 2564 217 2635 ΜΕ.
232 2560 328 2645 Quin
351 2571 393 2633 ut
421 2560 559 2643 dudum
585 2561 723 2634 devorti
749 2561 810 2635 abs
837 2570 885 2645 te,
919 2560 1024 2634 redeo
1048 2586 1143 2635 nune
1169 2553 1313 2637 demum

378 2686 535 2759 domum.
626 2738 629 2745 ·

131 2811 207 2884 ΡΕ.
232 2809 328 2884 Novi
346 2837 411 2909 ego
425 2822 483 2884 te:
506 2836 578 2884 non
595 2810 686 2884 mihi
703 2812 867 2886 censebas
882 2836 968 2898 esse,
987 2813 1102 2908 quite
1116 2813 1312 2892 ulciscerer.

232 2936 366 3011 Omnia
380 2936 497 3011 hercle
512 2939 616 3011 uxori
630 2936 717 3011 dixi.

709 3063 794 3137 ΜΕ.
819 3063 918 3148 Quid
933 3062 1086 3137 dixisti?

1071 3191 1144 3265 ΡΕ.
1171 3193 1314 3271 Nescio.

331 3392 356 3424 v.
370 3376 422 3425 536.
442 3376 519 3433 Attus,
534 3376 573 3423 Ita
587 3376 624 3425 B:
640 3394 683 3437 pro
697 3380 763 3442 vulg.
778 3383 860 3430 aiebas.
882 3381 960 3443 (Vide
975 3382 1000 3429 in
1015 3382 1109 3444 Gloss.)

173 3541 239 3594 528.
290 3532 369 3599 Quid
405 3534 457 3593 tihi
496 3556 572 3613 aegre
612 3536 699 3617 esti]
749 3538 840 3618 eiua]
880 3540 1037 3619 ‘Nothing
1057 3562 1111 3600 ean
1131 3545 1240 3603 exceed
1256 3546 1316 3605 this

135 3631 245 3690 ‘What
264 3630 290 3689 is
309 3631 333 3689 it
352 3632 418 3691 that
437 3632 550 3691 offenda
570 3654 630 3711 you
639 3636 661 3691 ?'
749 3640 842 3696 man's
861 3638 1058 3716 impudence!
1100 3640 1197 3718 Supra
1209 3649 1275 3708 517.
1363 3698 1366 3703 .

172 3790 213 3804 -
252 3755 382 3836 Bellus]
415 3759 563 3838 Etpovmoie
576 3758 699 3818 dictum.
790 3756 856 3809 534·
909 3748 1021 3808 cmm
1055 3751 1182 3831 florem]
1235 3752 1315 3814 Vide

751 3841 847 3900 Gloss.
868 3842 900 3899 in
919 3862 947 3899 v.
969 3841 1034 3902 366.

790 3960 855 4013 538.
897 3952 956 4019 Qui
969 3960 996 4012 te
1010 3954 1193 4036 ulciscerer]
1227 3958 1314 4019 ‘You

751 4046 805 4104 did
817 4055 871 4103 not
879 4066 969 4123 guess
979 4046 1044 4105 that
1057 4048 1072 4105 I
1083 4048 1143 4107 had
1155 4049 1206 4109 the
1215 4072 1316 4113 means

752 4140 953 4199 wherewithal
985 4151 1017 4200 to
1048 4163 1162 4222 avenge
1190 4150 1317 4226 myseld'

174 3887 240 3949 529.
268 3878 513 3961 Assorinorum]
527 3881 700 3960 Supra509.

175 4018 239 4071 530.
283 4010 333 4069 Sic
357 4012 485 4093 datur!]
519 4016 616 4073 ‘Now
639 4036 701 4094 you

134 4106 210 4164 have
223 4106 258 4175 it,
279 4127 310 4165 as
328 4128 390 4185 you
403 4108 552 4169 deservet’
582 4111 630 4172 De
646 4111 702 4171 hac

134 4200 264 4260 f⁰m¹¹¹l³
278 4201 346 4261 Vide
361 4204 459 4284 811ΡιἪ
472 4206 537 4266 5⁰6·
754 4235 822 4307 Qui,
849 4257 988 4316 proquo,
1013 4248 1047 4297 ut
1067 4239 1164 4320 Supra
1183 4250 1259 4315 2193
1286 4258 1318 4305 et

178 4336 243 4388 533.
285 4327 371 4387 Nihil
397 4333 447 4391 hoo
475 4332 584 4391 homine
611 4334 702 4392 oudo·
752 4331 871 4410 passim.
