3084 5017
545 468 873 532 MENAECHMEI.
1259 471 1305 538 39

213 667 430 742 Sedsiueme
439 663 840 764 dumhancooupellare.
856 662 974 749 Heus,
984 664 1127 739 mulier!
1139 664 1303 741 tibidioo.

1011 789 1085 863 ΕΕ.
1105 789 1208 877 Quid
1223 795 1303 867 est?

111 921 220 993 Mus.
236 919 316 994 Ubi
327 930 369 993 tu
381 917 478 993 huuc
489 917 835 993 hominemnovisti?

663 1043 740 1119 ER.
758 1043 911 1133 Ibidem,
926 1045 990 1119 ubi
1002 1043 1062 1118 hio
1074 1043 1215 1141 mejam
1228 1045 1305 1127 diu,

213 1171 260 1267 Iu
273 1121 491 1269 fipidamno.

309 1298 413 1370 Mus
434 1297 481 1370 In
493 1297 711 1394 Epidamno,
724 1298 787 1394 qui
796 1295 868 1371 huc
879 1299 917 1370 in
929 1297 1022 1371 hono
1032 1299 1156 1373 urbem
1164 1298 1305 1395 pedem,

211 1422 297 1496 Nisi
308 1421 426 1508 hodie,
439 1448 624 1520 nunquam
635 1424 732 1496 intro
741 1422 893 1498 tetulit?

815 1550 891 1625 ER.
911 1550 1027 1625 Heia!
1046 1550 1192 1625 delicias
1206 1550 1306 1639 facis,

213 1676 271 1749 Mi
291 1674 528 1750 Meuaeohme.
577 1677 688 1763 Quin,
709 1678 847 1764 amabo,
869 1678 901 1750 is
920 1678 1042 1751 intro?
1058 1660 1129 1751 'hie
1150 1678 1219 1751 tibi
1235 1679 1305 1751 erit

360 1803 502 1877 rectius.
1246 1820 1301 1882 291

57 1972 60 1975 ·
108 1930 202 2003 ΜΕ.
216 1927 309 2003 Haec
335 1928 482 2025 quidem
507 1927 632 2026 edepol
662 1938 758 2001 recte
789 1926 947 2025 adpellat
977 1953 1057 2003 meo
1083 1954 1142 2003 me
1174 1929 1306 2005 mulier

363 2058 517 2131 nomine.

213 2180 336 2255 Nimis
348 2183 469 2267 miror,
486 2180 573 2278 quid
586 2179 712 2255 haesit
724 2183 859 2280 negoti.

797 2307 905 2381 Mus
922 2304 1077 2381 Oboluit
1085 2307 1306 2404 marsupium

212 2438 314 2510 Huic
322 2437 426 2522 istuc,
444 2433 539 2532 quod
550 2434 670 2513 habes.

493 2565 576 2634 ΜΕ.
594 2562 723 2661 Atque
734 2562 860 2661 edepol
872 2573 915 2637 tu
928 2586 987 2636 me
1001 2563 1174 2636 monuisti
1186 2564 1306 2659 probe,

212 2686 441 2787 Accipedum
472 2686 560 2761 hoo:
590 2691 668 2784 jam
700 2690 807 2776 scibo,
843 2699 966 2763 utrum
1001 2686 1078 2761 haec
1109 2712 1168 2761 me
1201 2711 1306 2785 mage

362 2824 469 2900 amet,
496 2838 542 2886 on
564 2816 797 2913 marsupium.
1247 2829 1304 2890 295
1424 2882 1428 2891 ,

106 2942 186 3017 Ea.
211 2941 353 3016 Eamus
364 2942 471 3026 intro,
489 2950 532 3014 ut
544 2941 792 3037 prandeamus.

672 3069 758 3142 ΜΕ.
777 3068 879 3143 Bene
890 3093 1008 3156 vocas3
1028 3078 1102 3142 tam
1113 3065 1304 3165 gratiaest.

168 3253 193 3285 v.
209 3236 263 3283 ΜΒ.
286 3233 331 3293 Tu,
353 3249 403 3282 uon
423 3233 540 3293 liquescit.
560 3235 591 3283 B.
619 3235 672 3284 289.
686 3234 757 3285 Prius
778 3236 907 3299 Epidamno
926 3252 975 3285 non
992 3235 1049 3286 elid.
1073 3235 1144 3298 [vid.
1161 3234 1222 3282 infra
1237 3233 1303 3295 293]

105 3315 161 3362 292.
178 3313 241 3368 Meo,
256 3309 382 3369 monosyll.
399 3310 492 3373 [Supra
502 3310 566 3372 117.]
597 3311 651 3359 29³.
666 3310 751 3361 Nimi’.
767 3312 861 3377 [Supra
872 3312 924 3375 le]
942 3312 1037 3374 Negoti,
1054 3328 1102 3360 non
1112 3311 1224 3371 eliditur3
1240 3310 1304 3370 quod

105 3386 467 3524 pmipucflfigbgasleamouem
479 3384 528 3433 alia
538 3401 638 3446 persona
651 3386 748 3446 excipit.
764 3386 842 3451 [Vide
855 3404 927 3449 supra
936 3389 974 3437 76.
988 3388 1041 3437 289.
1051 3385 1111 3448 δια]
1141 3386 1194 3435 296.
1210 3385 1305 3441 Eamus,

106 3463 201 3522 dissyll.
248 3478 265 3510 n
355 3493 363 3508 .

16 3669 17 3672 Ἴ
146 3610 216 3670 287.
258 3600 365 3659 Heus!
387 3599 441 3660 titi
460 3599 552 3679 dico]
574 3601 681 3660 ‘Harlr
731 3605 822 3663 modo
840 3605 872 3662 iu
891 3605 1005 3663 domini
1021 3624 1127 3663 manus
1140 3602 1305 3662 tradiderat

105 3705 164 3781 ye!
186 3720 259 3780 you,
280 3699 297 3757 I
318 3700 402 3775 say!'
442 3697 512 3756 vid.
534 3698 631 3757 Gloss.
733 3702 892 3772 Messenio,
916 3701 1014 3780 Supra
1030 3722 1058 3759 v.
1084 3708 1147 3771 189.
1189 3699 1304 3757 Eadem

149 3822 217 3884 291.
261 3810 324 3869 Hic
361 3809 414 3869 tibi
452 3809 508 3868 erit
545 3811 681 3890 rectius]
732 3798 914 3857 ⁰⁰n⁵t¹11050
941 3798 1012 3855 Aul·
1042 3805 1106 3865 170·
1166 3797 1303 3855 ‘Aurum

105 3909 183 3978 Hic,
196 3909 279 3968 domi
296 3917 415 3977 nostrae,
430 3908 486 3967 tibi
503 3908 560 3966 erit
575 3907 682 3965 melius
732 3892 799 3951 'wic
820 3893 892 3952 Olet!
936 3899 957 3967 (‘
967 3891 1017 3951 He
1039 3892 1130 3951 snuffs
1151 3912 1203 3970 my
1225 3901 1302 3949 trea-

105 4003 297 4083 quamforis.
331 4002 436 4059 Lm.
733 3988 834 4064 sure')

148 4126 217 4189 293.
261 4114 377 4175 Oboluit
390 4113 458 4173 huic
475 4114 681 4193 marsupium]
771 4112 838 4185 296.
878 4114 959 4173 Bene
972 4114 1084 4193 vocas]
1119 4114 1194 4172 ‘I’m
1212 4114 1304 4174 much

106 4214 190 4273 ‘She
204 4213 259 4271 has
277 4221 332 4290 got
353 4222 436 4270 scent
457 4210 494 4268 of
507 4210 573 4270 that
591 4228 682 4287 purae
732 4208 873 4287 obliged;
899 4211 956 4268 but
978 4209 1039 4268 had
1061 4210 1162 4269 rather
1188 4212 1226 4270 be
1254 4232 1303 4271 ex-

104 4310 193 4370 there
222 4309 259 4367 of
280 4309 401 4385 your's.'
449 4305 540 4377 Quod
569 4304 683 4365 scilicet
733 4302 842 4362 cused!
897 4304 1027 4382 Elegans
1053 4305 1212 4364 recusandi
1243 4306 1303 4364 for·
