3084 5017
210 480 255 545 cs
294 564 300 572 ἢ
633 481 682 544 m.
709 481 751 543 A.
778 479 965 544 pnsum

309 678 371 752 Tu
395 678 467 754 huc
495 691 576 778 post
605 679 701 753 hunc
731 679 826 752 diem
849 678 976 777 pedem
1004 680 1100 753 intro
1128 702 1199 751 non
1226 674 1327 759 feres,
1355 697 1410 763 ne

461 806 508 878 sis
531 805 682 878 frustra:

309 903 468 1017 Quandd
492 943 535 1005 tu
556 913 613 1006 nie'
638 934 728 1006 bene
752 943 948 1006 merentem
970 932 1039 1005 tibi
1062 927 1171 1003 habes
1194 922 1407 1026 despicatui.

311 1055 396 1130 Nisi
409 1056 498 1133 feres
514 1068 715 1156 argentum,
733 1056 866 1132 frustra
880 1084 938 1149 me
951 1058 1097 1132 ductare
1111 1031 1313 1151 non'pctes!
1344 1056 1408 1127 596

311 1178 439 1255 Aliam
464 1180 612 1279 posthac
636 1183 809 1268 invenito,
840 1207 946 1279 quam
973 1192 1016 1255 tu
1039 1179 1170 1254 habeas
1195 1173 1407 1250 frustratui!

213 1307 300 1380 Mn.
312 1307 433 1380 Nimis
456 1308 625 1384 iracunde
650 1306 768 1382 hercle
793 1309 940 1383 tandem
953 1306 1121 1382 i-Heus
1144 1317 1196 1391 tu,
1221 1303 1290 1376 tibi
1311 1301 1405 1382 dico,

461 1436 584 1507 mene!

314 1557 430 1632 Redi!

384 1684 460 1756 En.
474 1685 601 1758 Etiam
613 1684 753 1758 adstas?
773 1684 900 1758 Etiam
912 1685 1021 1759 audes
1031 1711 1111 1759 mea
1121 1683 1251 1758 revorti
1262 1679 1405 1778 gratia?

215 1806 300 1882 ΜΕ.
311 1808 418 1882 Abiit
443 1809 550 1895 intro,
581 1810 729 1884 occlusit
756 1810 853 1886 aedis.
906 1808 1017 1884 Nunc
1041 1837 1107 1909 ego
1133 1833 1210 1884 sum
1237 1804 1405 1880 exclusis-

462 1961 603 2010 sumns:
1345 1936 1406 1997 600

313 2061 443 2158 Neque
460 2061 568 2147 domi,
585 2087 701 2160 neque
719 2062 815 2160 apud
832 2064 993 2149 amicam,
1011 2051 1102 2135 mihi
1115 2065 1191 2157 jam
1209 2057 1404 2156 quidquam

464 2185 630 2260 creditur.

315 2308 382 2383 Ibo
416 2321 453 2383 et
479 2312 660 2386 consulam
692 2312 786 2387 hanc
814 2339 889 2388 rem
915 2315 1056 2398 amicos,
1086 2308 1173 2408 quid
1196 2305 1405 2381 faciundum
1533 2369 1534 2374 ,

467 2447 643 2512 censeant.

181 2682 184 2686 ι
298 2645 321 2676 v.
336 2629 388 2676 594.
410 2627 446 2674 Tu
461 2630 513 2686 huc,
529 2630 568 2678 Sic
581 2630 667 2690 legitur
681 2632 707 2680 in
723 2633 833 2692 Vulgatis
849 2633 912 2681 Edd.
927 2633 964 2680 B:
981 2632 1037 2680 Huc
1049 2638 1201 2692 poss......nm1
1212 2631 1273 2687 seret
1289 2635 1324 2673 W·

259 2793 324 2863 596.
371 2793 530 2875 Frustra]
577 2795 618 2854 H.
629 2817 654 2855 e.
696 2797 788 2856 Nulla
838 2796 994 2875 nequead
1008 2793 1143 2864 emicem,
1164 2791 1311 2852 admittar.
1353 2789 1411 2848 Est

217 2887 364 2959 mercede,
385 2889 499 2968 gratiis.
839 2900 939 2951 autem
959 2887 1181 2948 exclusisscmus
1198 2906 1256 2945 vox
1275 2883 1408 2952 comica,
1532 2897 1533 2933 i

839 2997 875 3046 nt
889 2987 921 3044 in
935 2984 1057 3044 Curcul.
1074 2982 1120 3053 16,
1144 2980 1395 3042 Occlusissumum.

259 3068 325 3131 597·
354 3059 670 3178 Habeffde'ffl’fflm]
683 3061 789 3120 ’ΜΨ
879 3101 945 3163 602,
977 3099 1056 3166 Quid
1057 3097 1235 3179 faciundum
1246 3094 1410 3174 censeant]

219 3155 392 3233 amockery
406 3155 445 3213 of.
489 3156 587 3235 Supra
600 3163 667 3226 595.
692 3156 791 3216 Gloss.
841 3198 875 3256 ‘I
899 3197 961 3256 wffl
981 3217 1022 3274 go
1045 3195 1104 3254 and
1131 3193 1232 3252 advise
1255 3189 1330 3249 with
1356 3209 1409 3267 my

260 3321 325 3384 598.
371 3310 439 3371 Tibi
458 3311 551 3390 dica]
594 3313 692 3392 supra
705 3319 772 3379 287·
839 3290 953 3351 friends
970 3311 1009 3348 on
1027 3289 1087 3348 this
1100 3296 1217 3355 matter,
1238 3285 1320 3343 what
1335 3282 1409 3360 they

840 3389 929 3449 think
947 3387 1036 3446 Ihsd
1049 3387 1116 3445 best
1133 3382 1189 3442 du’
1224 3380 1295 3440 vid.
1311 3381 1410 3438 Gloss.
1531 3383 1532 3391 ’

259 3463 326 3522 600.
368 3459 633 3542 Exclusieeumce]
662 3460 790 3518 ‘Nowl
841 3484 899 3554 Sic,
915 3483 1027 3562 Amph,
1041 3480 1107 3551 976,

221 3579 270 3618 sm
299 3554 410 3615 indeed
436 3555 507 3614 shut
537 3559 608 3613 out'
653 3554 791 3613 Ridicule
918 3593 1059 3642 “Tiresiam
1074 3591 1204 3648 advocabo,
1219 3597 1243 3638 et
1257 3587 1380 3637 consulam

221 3658 344 3719 dictum.
386 3656 504 3732 Nempe
518 3655 640 3732 quince
656 3654 789 3723 domum,
880 3671 944 3728 Quis
958 3669 1096 3720 faciundum
1111 3667 1232 3718 censeat?
