3084 5017
234 420 302 482 154
653 413 963 481 ¹GLOSSARIUM

293 658 359 724 207,
408 640 547 733 Certo]
596 652 678 711 Vett.
697 674 752 733 pro
770 659 854 709 certe.
895 650 979 708 Infra
996 657 1062 708 228.
1077 652 1130 708 &c
1170 648 1284 707 Passim
1300 618 1383 726 apud

235 766 376 824 Plautum
402 774 433 823 et
460 764 580 823 Terent.
608 760 768 840 aliquando
795 782 925 839 quoque,
953 759 1005 818 sed
1030 762 1135 830 rarius,
1162 770 1383 839 usurpaverunt

234 888 356 937 recentt.
368 877 429 935 Cic.
441 878 504 934 Att.
517 875 573 934 IV.
585 884 610 935 3.
633 883 653 909 “
659 876 758 931 Avere
771 883 802 931 te
814 882 891 931 certo
903 872 988 931 scio.”
1012 874 1067 931 IX.
1079 882 1107 931 4.
1135 874 1234 931 “Tibi
1247 873 1381 931 accidere

234 999 310 1049 certo
327 989 411 1053 scio.”
432 991 485 1047 &c
528 989 576 1047 Sic
594 1006 719 1054 numero,
743 985 859 1063 (Supra
874 985 954 1063 202.)
973 996 1004 1043 et
1022 1006 1136 1043 numere
1156 986 1338 1044 dicebantur.

290 1178 358 1230 210.
405 1158 591 1253 Perieris.]
617 1170 739 1251 Ἔῤῥοις.
760 1171 887 1252 Φθείρου.
910 1171 946 1227 In
955 1190 1125 1245 maxumam
1134 1171 1242 1229 malam
1252 1190 1379 1229 crucem.

289 1370 358 1422 213.
409 1354 482 1427 Pro
507 1350 622 1443 sano]
665 1361 747 1422 Like
765 1359 939 1421 asemible
953 1378 1041 1419 man.
1083 1361 1167 1419 Infra
1186 1370 1252 1431 839.
1268 1362 1379 1419 Gnou:

233 1484 317 1545 Lect.
338 1484 437 1543 Plaut.
466 1484 555 1542 ”Pro
576 1504 648 1541 rano
669 1482 756 1561 loqui,
770 1479 887 1557 facere,
910 1491 955 1538 est
972 1481 1064 1538 instar
1077 1480 1205 1537 hominis
1225 1482 1297 1549 sani,
1313 1489 1381 1537 tan-

235 1616 325 1674 quam
338 1616 451 1655 sanum.
476 1596 550 1653 Caes.
565 1596 598 1653 Β.
609 1595 642 1653 C.
652 1595 689 1651 V.
715 1593 826 1651 “Nihil
836 1613 892 1671 pro
904 1611 976 1649 sano
988 1594 1164 1650 facturum.”
1185 1592 1250 1649 Liv.
1261 1590 1381 1647 XXIX.

235 1716 256 1743 “
265 1708 334 1766 Non
350 1728 407 1786 pro
427 1727 500 1764 vano
520 1706 619 1776 modo,
642 1706 694 1764 scd
714 1705 764 1763 vix
782 1724 839 1782 pro
859 1724 930 1761 sano
949 1704 1072 1761 nuntius
1091 1704 1301 1763 audiretur.''“

290 1878 358 1929 218.
399 1858 615 1961 Cyathisso]
656 1869 718 1935 Am
733 1890 817 1950 your
834 1870 1019 1949 cupbearer.
1069 1874 1208 1951 Κυαθίζω,
1223 1871 1383 1953 οῖνοχοεύω,

233 1992 346 2050 Vinum
360 1991 474 2071 cyathis
488 1992 690 2060 subministro,
709 1991 890 2069 pocillatoris
906 2011 1031 2049 munere
1048 1992 1167 2070 fungor.
1208 1994 1384 2057 Formatum

233 2107 268 2155 ut
281 2097 447 2168 Atticissat‚
462 2108 492 2155 et
506 2098 704 2157 Sicilicissitat
712 2121 722 2169 ;
745 2097 879 2177 (Prolog.
894 2118 923 2155 v.
936 2095 996 2176 12.)
1038 2098 1112 2158 Hor.
1128 2100 1186 2158 Od.
1202 2101 1225 2157 I.
1239 2118 1331 2157 xxix.
1355 2110 1384 2166 7.

234 2214 343 2271 “Puer
370 2214 437 2290 quis
439 2256 521 2271 .....
527 2214 575 2270 Ad
598 2214 731 2293 cyathum
758 2215 949 2271 statuetur?”
991 2214 1100 2272 Confer
1121 2215 1206 2273 Asin.
1225 2214 1291 2275 864.
1315 2236 1381 2293 sqq.

233 2318 314 2381 Citat
331 2324 416 2381 Pan:
439 2323 599 2401 Diphilum
621 2323 794 2392 Comicum3
817 2321 899 2378 Ωσπ
836 2345 996 2493 ντλπεερωκκυ
984 2324 1122 2492 ‹pastos›
1086 2350 1146 2380 ουσ
1179 2324 1233 2382 ἐνιο
1208 2324 1302 2382 ‘0'0
1284 2325 1345 2392 ημὶν
1365 2351 1382 2392 η

233 2434 381 2519 τύχηΕν
399 2433 678 2517 αἀγθονέπιχέασα,
700 2436 793 2515 τίρέ’

288 2640 340 2653 -·
384 2593 501 2691 Apud
525 2590 619 2683 1100]
667 2599 712 2663 At
735 2620 797 2661 our
821 2601 929 2662 hoacse.
975 2606 1105 2684 Nempe,
1124 2607 1217 2685 Apud
1236 2607 1381 2665 Erotium.

233 2720 315 2779 Nota
334 2721 454 2790 locutio,
481 2742 537 2799 pro
558 2721 647 2801 Apud
669 2722 779 2780 domum
807 2730 940 2781 nostram.
982 2724 1058 2781 Hor.
1080 2723 1138 2781 Od.
1161 2724 1220 2782 111.
1243 2742 1332 2783 xxrx.
1356 2734 1386 2784 5.

234 2829 449 2890 “Jamdudum
469 2832 548 2911 apud
567 2854 609 2891 me
629 2835 698 2891 est.”
739 2834 862 2903 Gallice,
886 2834 962 2892 Chez
982 2854 1061 2891 nous.

289 3018 357 3079 219.
390 2999 492 3092 Qui]
537 3009 736 3072 Wherewith.
784 3017 891 3075 Ablat:
913 3017 1026 3094 antiqu.
1067 3017 1151 3075 Infra
1164 3026 1229 3077 300.
1269 3019 1381 3079 cistell.

234 3136 300 3197 439.
341 3128 429 3188 Cure.
444 3129 509 3199 696.
550 3131 641 3208 Epid.
658 3141 722 3199 177.
737 3136 790 3192 &c
841 3135 1014 3212 Aliquando
1034 3136 1124 3194 etiam
1146 3138 1227 3215 apud
1249 3149 1380 3197 recentt:

234 3234 271 3292 Ε.
282 3255 312 3312 g.
331 3234 395 3293 Cic.
409 3235 473 3295 Att.
489 3239 544 3295 XI.
559 3258 595 3296 11.
637 3240 709 3299 “Ut
730 3243 768 3299 sit
788 3242 837 3321 qui
856 3246 1002 3301 utamur.”

136 3452 139 3462 .
213 3414 214 3418 ’
288 3452 339 3467 ...
388 3406 604 3482 Diminuam
638 3412 775 3511 caput]
829 3423 940 3485 Brealc
974 3426 1026 3486 Iris
1059 3425 1152 3487 head.
1190 3409 1291 3486 'Infra
1315 3428 1380 3493 756.

290 3608 356 3659 aas.
406 3588 498 3683 Illi]
552 3602 666 3666 There.
713 3612 795 3673 vete
817 3632 872 3689 pro
893 3612 961 3670 illic.
1003 3613 1086 3672 infra
1102 3621 1168 3686 894·
1208 3613 1301 3671 Stich.
1314 3622 1382 3684 449.

234 3724 346 3802 Amph.
362 3732 427 3785 804.
468 3726 598 3797 “Quom
618 3726 662 3785 illi
685 3728 820 3788 censebis
840 3731 929 3787 esse.’'
970 3732 1063 3789 Merc.
1082 3731 1161 3789 Prol.
1180 3730 1229 3801 96.
1267 3732 1383 3791 “Dum

233 3832 279 3893 illi
298 3837 443 3895 ambulo.”
483 3837 550 3897 256.
585 3839 680 3917 “Ego
698 3839 742 3897 illi
758 3840 891 3918 adspicio
912 3842 1094 3901 mulierem.''
1135 3844 1202 3901 Ter.
1222 3844 1344 3903 Phorm.
1358 3844 1383 3901 Ι.

235 3968 268 4007 11.
282 3958 328 4011 41.
371 3950 481 4009 “Dum
502 3951 637 4011 sedemus
657 3952 728 4009 illis
769 3954 845 4011 Hec.
860 3954 896 4010 V.
911 3973 962 4011 111.
976 3962 1004 4012 4.
1018 3957 1071 4013 &c

290 4162 340 4175 ..-
367 4111 580 4205 ¹Perduint.]
620 4126 679 4183 Pro
688 4124 824 4205 perdant.
860 4126 959 4206 Supra
974 4135 1037 4187 184.
1071 4128 1155 4187 Infra
1167 4129 1233 4189 356.
1268 4132 1380 4209 Amph.

236 4252 282 4311 70.
312 4243 464 4309 Deduint;
486 4243 556 4321 (pro
569 4242 698 4319 dedunt.)
732 4244 801 4301 Ter.
815 4242 935 4303 Phorm.
948 4245 983 4301 V.
999 4264 1071 4303 vin.
1086 4255 1113 4305 4.
1146 4247 1287 4306 Creduas.
1307 4252 1361 4310 &c
