3084 5017
548 486 599 548 IN
626 485 952 550 MENAECHMEI.
1249 480 1316 566 147

154 681 199 740 ad
219 681 325 741 navale
346 690 494 742 certamen
514 683 671 743 sufficeret.
712 683 753 742 Et
774 681 853 743 Ibid.
868 689 936 748 775.
976 679 1046 740 Ter.
1063 681 1137 740 Hec.
1151 680 1205 738 1v.
1221 699 1273 741 ιιι.
1289 690 1315 740 l.

155 793 364 852 “Sermonem
380 793 485 872 procul
504 792 552 852 lu'c
572 803 652 853 stans
672 793 809 871 accepil'.
843 791 953 868 (Hord
972 792 1010 870 by
1026 791 1122 871 ltere.)

219 962 286 1014 145.
333 944 420 1019 Non
446 948 561 1021 dicam
586 947 694 1041 dolo]
748 953 798 1016 To
820 956 923 1037 specle
944 953 999 1016 tire
1021 953 1125 1016 cautla.
1173 957 1251 1017 He.
1271 955 1316 1017 Ut

154 1094 239 1145 vere,
257 1086 287 1134 et
306 1075 368 1134 sine
384 1075 500 1145 fraude,
520 1075 626 1136 dicam.
665 1075 804 1134 Trinum.
818 1075 865 1146 69.
907 1074 1003 1133 Haud
1021 1073 1116 1134 diosus
1131 1074 1203 1139 dolo.
1243 1074 1313 1135 Ter.

156 1184 221 1242 Ad.
236 1184 298 1242 111.
312 1203 361 1244 ιιι.
375 1194 422 1246 23.
464 1183 511 1243 Ne
532 1184 625 1244 dicam
645 1185 717 1244 dolo.
738 1189 793 1246 tre.

219 1358 286 1410 148.
333 1339 602 1435 circumimus]
652 1353 710 1412 Pro
737 1352 887 1414 circumire
917 1371 1030 1411 necesse
1060 1359 1111 1410 est.
1158 1352 1312 1431 Frequens

153 1471 242 1550 apud
265 1473 388 1532 Latinos
409 1473 529 1533 locutio.
570 1473 659 1534 Cure.
673 1481 740 1540 372.
785 1471 849 1531 “Si
872 1472 960 1530 reddo
982 1472 1034 1542 eis,
1057 1471 1168 1551 quibus
1188 1472 1312 1532 debeo.”

154 1584 220 1664 ‘If
236 1585 258 1644 Ι
277 1596 358 1644 must
369 1607 431 1664 pay
451 1585 530 1646 those
550 1595 577 1646 to
601 1585 690 1644 whom
711 1585 731 1644 I
751 1605 796 1643 om
818 1583 849 1642 ia
869 1583 952 1642 debs:
992 1582 1075 1660 [Qui
1096 1592 1142 1642 est
1167 1583 1233 1662 ejus
1252 1583 1311 1643 loci

152 1718 273 1769 sensus,
297 1709 332 1758 ut
353 1698 477 1758 minime
499 1719 555 1778 pro
574 1697 744 1758 adulterino
767 1696 885 1756 uncinis
907 1695 1022 1756 includi
1044 1694 1179 1773 debeat]
1220 1695 1311 1774 Epid.

157 1809 226 1870 136.
269 1807 327 1867 “A
348 1830 409 1887 quo
429 1807 578 1888 trapezita
595 1807 706 1889 petW
747 1807 817 1885 (Am
838 1807 854 1864 1
876 1816 908 1864 to
926 1814 980 1885 get
999 1806 1048 1885 it.)
1087 1805 1154 1874 678.
1198 1806 1311 1880 “Quid

152 1923 265 2002 ogo?”
305 1921 412 1998 (What
433 1931 507 1981 must
530 1922 545 1980 1
568 1922 646 2000 dol)
688 1920 774 1978 Infra
793 1927 860 1979 234.
880 1910 946 1986 744.
987 1919 1220 1979 Juv.sat.111.
1243 1919 1310 1991 396

156 2034 229 2092 “ln
249 2044 359 2111 quate
379 2053 475 2112 quaero
495 2032 707 2112 proseucha?”
756 2029 857 2106 (Mun
876 2029 892 2087 1
913 2030 985 2088 seek
1003 2034 1089 2109 you.)
1139 2029 1209 2092 Ter.
1231 2031 1310 2090 Eun.

154 2146 214 2208 IV.
236 2167 292 2208 vn.
317 2156 364 2207 44.
419 2147 517 2206 “Jam
552 2145 661 2205 dimitto
698 2144 908 2205 exercitum?”
962 2144 1064 2221 (Stati
1096 2146 1111 2204 1
1142 2146 1308 2224 disband?)

155 2259 227 2317 AEn.
248 2259 292 2318 ΙΙ.
313 2267 379 2320 372.
420 2258 549 2332 “Quam
561 2256 728 2337 prendimus
739 2257 883 2316 arcem?”
922 2255 1028 2331 (stau
1040 2277 1086 2316 we
1099 2258 1310 2338 seiaeuponil

154 2367 219 2426 111.
241 2375 288 2434 83.
330 2367 458 2441 “Quem
478 2366 671 2446 equinum
713 2366 792 2426 lbid.
812 2365 878 2434 367.
900 2369 954 2426 &c

199 2555 284 2606 Ι150.
332 2537 527 2630 Quaerere.]
574 2549 635 2607 Pro
655 2547 811 2627 quarendi.
850 2547 923 2606 vid.
944 2547 1029 2607 Infra
1050 2549 1114 2610 161.

189 2745 265 2796 “-.-
300 2733 396 2807 Nam
415 2734 529 2831 quid.]
569 2737 673 2827 Why,
692 2737 776 2802 what
793 2739 858 2806 cred
874 2739 945 2802 otu
960 2740 1051 2805 tuere
1066 2741 1104 2804 lre
1120 2741 1161 2824 of
1170 2741 1306 2820 seelsing

157 2865 256 2928 lum?
308 2869 475 2940 Pelluntur,
503 2869 556 2946 qul
582 2869 647 2931 lloec
670 2871 775 2929 verba.
789 2868 852 2926 κατ’
877 2867 1067 2948 α’ναστροφήν
1095 2869 1176 2929 dieta
1201 2878 1311 2947 putent

152 3008 213 3068 pro
233 2987 391 3067 quidnam:
417 2987 547 3068 [Heyne
569 2986 608 3047 ad
628 2987 713 3063 Virg.
732 2987 772 3046 G.
791 2986 847 3048 IV.
867 2994 934 3047 445.
957 3007 1008 3063 qu.
1026 2986 1107 3066 viu]
1148 2985 1311 3065 Eleganter

151 3099 237 3157 enim
254 3096 394 3158 videntur
412 3099 560 3178 usurpari,
579 3099 633 3160 ubi
652 3099 700 3158 vel
719 3097 887 3175 indignatio
903 3098 951 3157 vel
971 3097 1157 3176 querimonia
1171 3097 1312 3177 quaedam

151 3209 343 3289 exprimitur.
386 3211 524 3270 Notabile
537 3220 583 3270 est
596 3211 777 3290 exemplum,
791 3210 863 3270 Aul.
878 3232 906 3270 v.
920 3219 947 3268 3.
991 3210 1098 3270 “Nam
1111 3231 1166 3272 cur
1179 3232 1310 3272 mevet-

153 3325 287 3384 beras?”
314 3333 345 3382 et
366 3331 392 3384 5.
434 3323 543 3383 “Nom
563 3345 622 3404 qua
641 3315 788 3384 menuae
807 3343 897 3384 causa
915 3325 1068 3386 extrusisti
1090 3347 1128 3386 ex
1149 3326 1312 3387 aedibus?''

155 3434 220 3495 Ubi
241 3445 288 3494 est
307 3435 492 3496 mulierculae
511 3455 590 3515 ogre
599 3435 730 3516 ferentis
750 3435 865 3497 domini
883 3437 930 3496 sui
950 3439 1153 3498 contumeliae.
1185 3440 1230 3502 Et
1243 3447 1311 3509 378.

152 3547 224 3606 “In
247 3548 364 3607 edibus
391 3547 462 3628 quid
486 3549 543 3608 tibi
568 3547 642 3608 meis
666 3567 732 3607 nam
756 3541 821 3608 eia't¹
836 3549 991 3626 -negoti?''
1028 3549 1138 3630 (What
1161 3552 1309 3623 business,

154 3656 299 3716 [should
316 3657 416 3716 illecto
429 3658 520 3729 know,
537 3658 602 3716 bad
621 3657 728 3738 youir'r
741 3677 794 3737 my
808 3638 940 3737 bassei)
981 3659 1079 3718 Casio.
1093 3657 1161 3720 650.
1201 3661 1308 3720 “Nam

153 3771 227 3850 quid
252 3771 329 3830 illaec
353 3790 434 3829 nunc
456 3771 571 3830 tamdiu
593 3773 827 3830 remorantur?”
867 3769 938 3841 Quo
961 3770 1028 3830 loco
1044 3781 1099 3840 eet,
1120 3771 1311 3850 impatienter

152 3882 318 3942 mulierum
340 3883 559 3942 cunctationem
580 3881 797 3960 exprobrantis.
837 3881 927 3941 Cure.
942 3890 1010 3952 392.
1052 3881 1159 3940 “Nom
1183 3883 1254 3966 quid
1279 3885 1313 3945 id

152 3997 247 4058 refert
270 3997 384 4054 mea?·”
426 3993 541 4074 (What,
562 3995 609 4052 tlte
629 3993 748 4072 plogue,
771 4013 837 4051 care
860 3992 911 4071 I?)
953 3992 1023 4052 Ter.
1042 3994 1138 4052 Andr.
1157 3994 1218 4052 111.
1235 4014 1265 4056 v.
1282 3997 1311 4056 6.

151 4110 264 4169 “Nom
286 4107 357 4188 quid
383 4127 464 4166 nunc
486 4107 583 4166 (licam
601 4107 724 4184 patri?”
766 4104 874 4181 (What
894 4104 924 4161 in
945 4105 992 4162 tle
1012 4105 1103 4163 world
1121 4108 1231 4183 now?)
1256 4098 1311 4168 tic.

152 4222 267 4292 Similis
288 4229 335 4279 est
355 4239 427 4278 usus
449 4221 501 4275 τοῦ
522 4221 588 4298 γάρ
616 4218 698 4294 apud
720 4217 833 4293 Evang.
862 4216 937 4274 Luc.
960 4214 1081 4274 XXIII.
1105 4223 1152 4275 23.
1192 4217 1228 4274 Τί
1255 4223 1313 4304 γάρ

150 4334 236 4388 κακὸν
257 4330 394 4398 ἐποίησεν
405 4350 415 4397 ;
436 4326 541 4406 (le,
564 4328 644 4386 what
665 4327 724 4385 evil
745 4326 817 4385 heth
837 4325 876 4385 he
897 4326 1013 4405 donei)
