3084 5017
1283 866 1684 943 INDEX

955 1132 996 1181 V
1006 1132 1358 1181 ERBORUM
1413 1132 1806 1182 MEMORABI
1816 1134 2017 1183 LIUM.

1449 1531 1526 1588 A.

307 1694 718 1750 Amanum-r.
762 1688 830 1747 P.
861 1697 954 1749 31.
1542 1689 1924 1768 Adjudicato.
1972 1688 2099 1749 106.

307 1805 600 1865 Abiciam.
641 1810 772 1863 455.
1543 1804 1855 1882 Adjuvant
1880 1823 1975 1861 me
2003 1802 2101 1859 Di.
2143 1809 2273 1861 451.

306 1915 574 1974 Absolvo
597 1925 658 1973 te
685 1914 815 1973 hoc.
857 1912 991 1973 683.
1545 1916 1646 1974 Ad
1686 1914 2123 1975 Menoechmum
2165 1934 2277 1991 pro
2318 1915 2394 1971 ad
2438 1911 2674 1971 domm-n.

302 2029 434 2086 Abs
461 2047 580 2105 qua
606 2025 956 2086 cavendum.
996 2033 1132 2096 259.
1661 2033 1754 2084 20.
2267 2029 2272 2035 '

306 2137 556 2213 Absque
582 2145 641 2194 te
669 2144 838 2192 esset.
880 2141 1015 2204 920.
1548 2136 1779 2195 Admisi
1807 2137 1870 2195 in
1897 2156 2010 2195 me.
2052 2135 2185 2196 614.

307 2248 438 2306 Abs
464 2256 525 2305 te
551 2265 747 2305 caveo.
792 2252 886 2311 75.
1543 2247 1881 2307 Adoneum.
1922 2246 2016 2308 68.

308 2362 439 2423 Abs
463 2370 541 2419 te.
582 2360 678 2419 Ex
705 2366 805 2416 tua
824 2356 1092 2436 pecunia.
1132 2363 1265 2415 445.
1294 2353 1424 2413 446.
1550 2360 1899 2438 Adpareret.
1942 2360 2239 2418 Exstaret.
2285 2359 2410 2419 155.

311 2474 442 2532 Abs
466 2482 528 2531 te
554 2481 772 2529 metuo.
817 2476 946 2529 183.
1542 2471 1928 2549 Adplaudite.
1972 2470 2414 2551 (Spectatores.)
2466 2479 2626 2535 1057.

308 2585 659 2644 Abstineam
685 2582 939 2660 culpam.
983 2588 1115 2647 877.
1543 2579 1871 2658 Adplicant
1899 2600 1978 2639 se.
2020 2578 2152 2640 256.

312 2699 596 2757 Astinent
621 2696 813 2773 culpa.
855 2694 987 2763 671.
1543 2695 1834 2773 Adporto.
1877 2694 1945 2753 P.
1974 2703 2028 2754 3.

309 2809 702 2888 Accipedum.
743 2816 876 2877 295.
1547 2807 1943 2885 Adscriptivis
1970 2807 2045 2865 ad
2071 2807 2382 2884 legionem.
2434 2815 2558 2867 102.

312 2918 628 2979 Acerrumi
655 2926 850 2975 testes·
893 2924 1024 2986 495.
1546 2917 1937 2976 Adsentabor.
1979 2925 2110 2977 324.

310 3034 620 3091 Actutum.
669 3036 793 3088 130.
827 3036 955 3087 135.
987 3036 1118 3087 341.
1545 3028 1956 3087 Adservatote.
2001 3027 2132 3087 264.

312 3145 511 3201 Aoum
538 3158 848 3218 quaereres.
897 3146 1023 3198 155.
1546 3138 1862 3197 Adsimulo
1889 3137 2172 3197 similiter.
2215 3144 2306 3203 70.

312 3249 704 3310 Adcubitum.
750 3256 877 3307 142.
1548 3246 1826 3305 Adstans.
1854 3266 1965 3324 pro
1990 3254 2173 3303 stans,
2216 3252 2346 3304 304.

313 3360 599 3420 Adcubui
627 3370 906 3418 scortum.
949 3365 1082 3424 378.
1548 3358 1756 3417 Adsto.
1784 3378 1895 3436 pro
1920 3366 2022 3415 sto.
2065 3357 2135 3413 P.
2164 3355 2256 3416 56.

313 3472 417 3531 Ad
443 3472 726 3531 damnum
753 3470 1070 3529 deferetur.
1113 3477 1204 3535 57.
1549 3469 1845 3528 Adtinuit.
1888 3477 2020 3538 489.

316 3584 514 3643 Ades!
558 3582 839 3662 (Attend.)
880 3590 1010 3642 545.
1550 3583 1932 3642 Adulescens.
1976 3583 2043 3640 P.
2074 3591 2166 3649 75.

316 3698 419 3757 Ad
445 3718 582 3757 eum
607 3698 818 3757 invise.
861 3707 953 3758 32.
1547 3693 1941 3753 Advocatum.
1986 3702 2117 3761 700.

317 3810 608 3869 Adfatim.
655 3819 744 3870 15.
1548 3806 1891 3864 Advorsum
1918 3806 2136 3864 venias.
2178 3813 2306 3864 342.

317 3922 588 3982 Adfatim
612 3921 941 3981 hominum.
983 3923 1112 3983 360.
1550 3915 1777 3974 AEdilis.
1819 3924 1950 3986 490.

318 4033 605 4092 Adfectas
633 4031 806 4089 viam.
849 4039 980 4092 588.
1550 4028 1945 4105 AEgritudine.
1991 4028 2058 4088 P.
2088 4036 2180 4088 35.

319 4143 738 4221 Adglutinant.
779 4142 912 4203 256.
1552 4142 1807 4219 AEquom
1836 4145 2078 4201 bonum.
2122 4150 2253 4212 479.

320 4255 523 4314 Adibo
549 4274 704 4312 eum.
745 4262 878 4321 272.
1555 4253 1903 4329 AEsculapio.
1947 4260 2077 4319 784.

322 4364 526 4423 Adibo
551 4362 867 4421 hominem.
911 4370 1043 4422 388.
1554 4361 1779 4419 AEstive
1808 4362 2083 4421 viaticati.
2132 4372 2258 4430 172.
