3084 5017
528 508 578 572 IN
608 509 931 573 MENAECHMEI.
1231 511 1297 578 163

211 716 280 779 309·
329 703 501 798 Portam]
550 719 664 797 Nempe
689 719 777 778 Urbis
798 718 963 798 Epidamni.
1006 720 1048 779 Ut
1069 721 1135 779 falsi
1156 732 1224 780 sunt
1248 720 1300 798 qui

150 848 211 906 pro
227 827 317 906 sores
343 832 439 891 Erotii
464 835 561 893 domnis
588 836 701 897 dictum
731 849 847 917 putent.
893 840 994 908 Porta,
1023 836 1066 897 sic
1091 840 1237 918 appellata
1262 839 1300 896 ab

151 950 254 1000 aratro
267 943 412 1021 portando
429 955 508 1004 trans
524 946 556 1004 id
577 949 704 1026 spatium
721 951 775 1009 ubi
792 961 878 1029 ports
891 951 992 1009 futura
1010 960 1095 1022 esset,
1110 971 1179 1010 cum
1196 951 1300 1008 urbem

153 1054 240 1114 sulco
260 1054 457 1134 designarent

212 1263 263 1276 -
312 1219 500 1293 penetravi
524 1220 681 1320 pedem]
729 1234 812 1292 Infra
833 1242 897 1302 717.
939 1237 1050 1315 Amph.
1069 1245 1116 1306 94.
1157 1234 1299 1292 “Perdu-

152 1354 227 1413 elles
241 1363 396 1434 penetrant
413 1377 444 1414 se
458 1357 490 1416 in
504 1358 633 1436 fugam.''
673 1359 808 1419 Trinum.
822 1361 889 1422 246.
931 1363 1028 1435 “Quo
1044 1364 1106 1423 illic
1121 1363 1211 1421 homo
1222 1363 1301 1422 foras

152 1485 187 1522 se
202 1467 393 1545 penetravit.”
432 1469 497 1528 261.
533 1470 644 1542 “Quin
664 1471 747 1551 prius
768 1494 811 1531 me
832 1474 870 1532 sd
890 1474 991 1553 plures
1011 1475 1214 1556 penetravi?”

213 1659 281 1710 310.
327 1645 488 1739 prandi]
533 1654 683 1718 Idined.
735 1662 812 1722 Vide
832 1664 930 1742 Supra
948 1674 996 1735 94.

211 1888 264 1900 -
309 1838 434 1932 Navi]
482 1855 581 1914 nunt.
600 1857 734 1915 usitatior
759 1859 840 1937 apud
868 1861 1026 1922 moseum:
1055 1861 1132 1920 une
1154 1861 1233 1920 Ptol.
1254 1868 1300 1919 25.

156 1972 208 2032 Sic
232 1971 331 2040 Parti,
353 1993 380 2028 v.
396 1980 461 2031 381.
502 1972 586 2044 Luci,
611 1983 677 2044 903.
718 1977 805 2035 Ruri.
828 1979 919 2038 Mero.
934 1979 1000 2039 268.
1019 1983 1072 2039 &c

209 2179 261 2192 —
306 2131 468 2226 1100010]
515 2145 573 2204 Per
591 2126 736 2206 celerem.
770 2148 848 2207 Vide
861 2149 960 2228 Supra
975 2160 1038 2210 130.
1071 2150 1139 2209 Viro
1157 2149 1298 2208 tribuitur

156 2259 270 2338 Amph.
291 2267 358 2330 399.
397 2259 440 2318 Et
460 2259 524 2319 Cos.
545 2268 610 2327 270.

213 2435 281 2486 ³12.
329 2418 497 2513 Tritum]
546 2433 728 2512 Intelligunt,
751 2435 907 2496 laceratam
930 2437 1163 2516 tempestatibus.

213 2639 265 2652 -
311 2597 465 2691 Filiam]
511 2604 654 2676 Nailed,·
682 2605 841 2687 (fastencd
859 2606 934 2672 with
948 2611 1054 2692 pins.)
1105 2614 1203 2673 Clavis
1222 2634 1301 2672 com-

155 2737 284 2807 pactam.

215 2930 266 2943 -
317 2885 514 2962 Excussam
544 2887 699 2980 malleo]
749 2895 949 2958 Hammered
981 2896 1059 2957 with
1096 2895 1149 2957 tte
1182 2895 1300 2994 mallet.

157 3008 257 3068 Valde
277 3019 402 3068 tunsam.
442 3007 565 3067 Excutio
583 3028 639 3086 pro
658 3010 804 3069 concutio.

217 3185 283 3236 313.
337 3169 504 3268 Supellcx
536 3166 729 3268 pollionis]
782 3175 982 3239 Atanner's
1009 3176 1129 3259 frume.
1182 3182 1219 3239 ln
1243 3202 1301 3260 qua

154 3297 247 3378 pelles
274 3298 396 3376 subigit,
423 3299 587 3369 concinnat,
610 3311 641 3358 et
662 3298 700 3357 ad
726 3319 799 3358 usus
826 3319 893 3358 suos
919 3300 1035 3377 perficit
1056 3298 1152 3378 pellic.
1197 3301 1301 3360 Graece

160 3411 279 3490 Opa‘voc.
320 3409 453 3488 Supelles
468 3418 513 3469 est
529 3411 657 3489 proprie,
681 3410 842 3484 ”Quodvis
861 3411 1054 3472 domesticum
1072 3413 1301 3472 instrumentum

158 3522 290 3592 familiae,
312 3519 394 3599 quod
412 3540 509 3599 neque
529 3531 653 3598 argento
670 3543 780 3582 aurove
797 3524 885 3592 iacto,
903 3524 952 3584 vel
969 3525 1044 3583 vesti
1060 3525 1303 3597 adnumeratur,“
1429 3556 1433 3560 ’

159 3633 317 3714 [quamvis
340 3644 370 3692 et
391 3632 456 3693 haec
479 3653 598 3712 quoque
619 3635 652 3692 in
674 3635 854 3714 supellectile
875 3637 966 3696 fuisse
990 3639 1138 3717 constatz]
1161 3647 1196 3695 ut
1216 3638 1303 3723 docet

160 3747 264 3806 Fece:
287 3764 324 3804 ex
342 3743 485 3832 l’ompon.
512 3745 602 3804 Dicta
621 3753 720 3804 autem
735 3754 788 3814 est,
808 3745 892 3823 qussi
910 3745 962 3804 sub
977 3746 1101 3825 pellibus
1109 3769 1123 3813 ;
1147 3748 1206 3807 fuit
1222 3749 1301 3807 enim

160 3860 309 3939 imprimis
328 3860 374 3918 Ta*
393 3860 481 3927 Σκεύη
501 3878 569 3937 quae
585 3857 624 3918 ad
640 3877 727 3916 usum
747 3869 909 3917 castrorum
924 3859 955 3917 in
971 3858 1100 3919 tentoriis
1115 3861 1176 3920 suis
1193 3863 1300 3922 milites

158 3974 317 4034 habebant.
362 3973 454 4032 Recte
480 3971 610 4050 supellex
637 3969 709 4050 (non
735 3971 901 4051 suppellex)
925 3973 1083 4045 scribitur;
1111 3996 1179 4034 nam
1205 3978 1301 4054 prima

159 4080 274 4158 syllaba
292 4080 457 4158 corripitur.
497 4079 654 4150 caeterum,
672 4081 760 4140 latius
776 4081 833 4140 hoc
845 4083 970 4140 verbum
987 4085 1124 4162 usurpari
1134 4099 1233 4162 'quam
1247 4108 1300 4165 per

161 4193 316 4270 Pompon:
338 4192 512 4262 admittitur,
526 4200 648 4270 apparet
662 4166 707 4250 vel
721 4213 757 4251 ex
770 4191 853 4268 Virg.
865 4192 904 4248 G.
921 4193 944 4249 Ι.
961 4192 1023 4253 165.
1065 4203 1084 4229 “
1098 4193 1203 4272 Virgea
1224 4217 1300 4275 prse-

160 4310 242 4362 terea
269 4301 349 4361 Celei
375 4302 501 4381 vilisque
526 4301 661 4381 supellex,
689 4304 830 4365 Arbuteae
857 4313 959 4376 crates,
987 4315 1017 4366 et
1038 4305 1164 4384 mystica
1187 4329 1300 4370 vannus
