3084 5017
513 501 563 562 IN
592 501 916 568 MENAECHMEI.

184 715 259 776 '709-
307 697 480 792 Rescivi]
521 708 569 768 De
588 709 645 769 hoc
664 711 757 768 verbo
777 710 854 769 Vide
874 710 972 790 Supra
992 719 1058 772 581.

192 882 260 938 710-
311 862 444 955 scibo]
488 875 593 934 Sciam.
633 877 732 956 Supra
753 885 819 948 295.

193 1056 258 1123 716.
309 1048 491 1146 Dejerat]
528 1059 660 1123 Siccam
680 1063 872 1160 positivum
896 1066 1048 1142 protecte.
1089 1065 1187 1125 Valde
1196 1066 1288 1145 jurat

141 1171 192 1230 De
212 1172 242 1230 vi
263 1173 415 1250 particulae
435 1176 478 1247 de,
500 1176 580 1236 Vide
598 1178 630 1235 in
650 1198 678 1235 v.
692 1187 719 1238 2.

193 1348 259 1415 726-
307 1339 417 1415 Hanc
431 1369 504 1416 rem
522 1349 616 1441 aga]
669 1356 789 1416 Phrasis
810 1367 855 1416 est
875 1358 1022 1417 monentis
1041 1366 1077 1416 ut
1093 1365 1205 1415 attente
1218 1356 1287 1434 quis

142 1471 283 1550 praesenti
303 1472 424 1549 negotio
444 1493 564 1552 operam
578 1474 644 1534 det:
666 1475 746 1534 unde
758 1476 898 1535 translate
918 1476 1045 1534 sumitur
1062 1495 1118 1554 pro
1138 1494 1173 1532 ne
1193 1473 1286 1543 ludas,

143 1581 197 1641 sed
213 1581 291 1640 serio
303 1582 435 1640 animum
448 1582 581 1644 inclines.
622 1586 811 1645 Contrarium
823 1597 877 1656 est,
891 1585 1115 1665 ulioareaugie.
1154 1586 1288 1644 Plurima

143 1693 302 1771 utriusque
327 1694 483 1753 locutionis
504 1697 641 1775 exempla
662 1697 749 1757 facile
771 1699 804 1756 in
826 1708 956 1757 mentem
979 1698 1105 1777 alicujus
1123 1706 1286 1756 occurrent

145 1806 235 1864 Habe
256 1825 293 1863 cx
318 1805 436 1874 Nostro,
457 1805 529 1865 cist.
553 1813 599 1866 81.
640 1807 735 1866 “Hoc
756 1809 824 1867 volo
843 1807 967 1887 agulis?
1000 1817 1067 1868 444.
1098 1809 1173 1866 “Mi
1186 1807 1284 1876 homo,

142 1915 221 1975 ulios
234 1935 282 1974 rea
293 1916 380 1993 geris.
395 1916 431 1974 1..
445 1917 527 1976 Istuc
539 1921 621 1996 ago.''
641 1926 707 1986 472.
731 1921 917 1998 “Ambagcs
931 1920 1024 1990 mitte,
1038 1931 1128 1998 atque
1141 1919 1192 1979 hoo
1203 1921 1286 1999 uge.''

142 2031 216 2090 Juv.
232 2029 291 2089 Sat
305 2029 379 2088 VII.
394 2037 440 2089 20.
481 2029 576 2088 “Hoc
589 2029 676 2108 agite,
691 2031 719 2089 Ο
733 2031 892 2090 Juvenes.”
927 2033 996 2090 Ter.
1009 2032 1118 2090 Heaut.
1132 2030 1186 2090 IV.
1202 2051 1223 2089 1.
1240 2030 1285 2090 16.

145 2147 165 2173 “
174 2140 330 2217 Loquere:
352 2137 450 2197 audio.
472 2136 504 2196 S.
524 2139 568 2216 At
585 2139 649 2217 jam
665 2139 720 2198 doc
739 2161 794 2198 uou
814 2160 892 2218 ages.
912 2139 947 2197 C.
967 2139 1088 2218 Agum.''

192 2325 259 2385 729.
307 2306 436 2398 00108]
477 2317 653 2395 Antiquitus
676 2338 732 2396 pro
758 2318 842 2378 color.
882 2319 1004 2390 Quinct.
1027 2319 1100 2377 lust
1119 2318 1144 2377 1.
1167 2328 1194 2378 4.
1215 2319 1285 2377 med.

142 2447 159 2467 ''
169 2444 214 2502 Ut
227 2439 334 2500 Volusii
347 2451 377 2499 et
390 2437 474 2498 Fusii
487 2439 518 2496 in
536 2437 662 2497 Valerios
676 2439 836 2520 Furiosque
848 2450 1010 2499 venerunt:
1032 2441 1075 2501 ita
1087 2441 1182 2511 arbos,
1196 2440 1285 2511 labos,

141 2575 241 2635 uapor,
256 2565 286 2612 et
298 2553 411 2622 clamos,
426 2552 519 2611 emtis
532 2552 685 2613 fuerunt.“
725 2554 777 2614 Sic
789 2554 894 2633 Lepos,
909 2564 940 2613 ct
953 2555 1071 2634 Lepors
1087 2553 1175 2612 Amor
1186 2553 1286 2623 ctiam,

143 2688 201 2746 pro
220 2666 318 2734 Amor,
340 2666 426 2723 Cure.
445 2673 493 2734 97.
514 2665 568 2722 &c

193 2847 260 2907 73].
306 2828 445 2919 Ultro]
488 2839 538 2898 Sic
561 2840 628 2898 Ter.
650 2838 709 2897 Ad.
732 2838 789 2897 IV.
812 2859 862 2898 111.
881 2848 908 2898 4.
949 2839 1042 2898 “Sibi
1062 2839 1126 2899 fieri
1144 2839 1285 2918 injuriam

143 2954 228 3022 ultro,
243 2951 277 3020 si,
293 2970 381 3028 quam
394 2949 491 3009 fecere
504 2948 571 3027 ipsi,
586 2947 780 3027 expostules.''
820 2949 900 3008 Vide
914 2949 1011 3026 Supra
1023 2956 1090 3014 272.

193 3099 260 3159 732.
307 3078 573 3172 Pandioniam]
608 3085 800 3168 Suetourug
815 3087 953 3170 himself.
981 3092 1093 3152 Paulus
1106 3093 1137 3150 in
1152 3094 1284 3161 Festum,

140 3200 364 3262 ''Pandiculuri
390 3201 539 3270 dicuntur,
568 3201 620 3278 qui
646 3211 709 3260 toto
735 3222 858 3280 corpore
884 3203 1040 3262 oscitantes
1066 3203 1283 3262 extenduntur:

141 3339 180 3378 eo
199 3315 281 3394 quod
297 3312 391 3393 pondi
411 3314 517 3372 fiunt.“
558 3314 663 3373 Graece
684 3315 887 3397 σκορδινᾶσθαι.

198 3529 252 3542 -
305 3479 516 3573 Oscitatur.]
590 3489 645 3551 He
676 3511 801 3571 uacuus.
868 3498 1029 3575 χασμᾶται.
1079 3493 1217 3554 oscitatio
1240 3504 1288 3553 est

142 3605 204 3664 oris
225 3603 325 3664 citatio
344 3614 374 3663 et
394 3603 535 3662 diductio.
570 3605 669 3663 Tsun.

194 3781 260 3850 746.
308 3772 537 3866 Turbarum]
586 3781 817 3846 Diaturbunce.
840 3744 843 3750 1
870 3788 948 3846 Vide
974 3788 1074 3866 Supra
1096 3794 1162 3847 388.
1210 3786 1284 3844 Ter.

141 3900 225 3958 Eun.
240 3895 295 3954 IV.
310 3915 353 3954 vn
368 3903 415 3954 30.
455 3896 515 3954 “Si
529 3897 689 3975 quicquam
701 3898 791 3958 hodic
806 3899 856 3958 hic
869 3899 960 3958 turbo
973 3898 1123 3977 coepcris.''

150 4147 152 4152 ,
193 4080 261 4140 750.
309 4061 498 4148 Quantum
515 4062 661 4160 potest]
704 4075 803 4155 Supra
823 4084 888 4136 340.

195 4244 263 4304 755.
310 4225 461 4316 Arium]
512 4231 631 4294 Joiun.
673 4240 724 4299 Ab
747 4239 879 4299 obsoleto
899 4239 1049 4298 nominati
1079 4247 1155 4298 ortu.
1196 4238 1286 4298 Unde

21 4361 24 4366 ’
139 4359 308 4422 deartuure,
324 4352 414 4412 'Nost
434 4353 517 4431 Capt.
538 4351 602 4418 567.
624 4359 688 4421 598.
