3084 5017
247 395 310 492 nl
668 432 976 496 ouossamum

266 638 353 690 w128.
402 623 561 698 Omenta
586 626 757 722 porcina]
818 635 906 694 Pom
940 651 1104 712 samagar.
1159 635 1222 691 Aut
1249 633 1381 698 fortasse,

240 741 460 802 Smeet-breods.
510 744 587 802 Nam
617 755 756 806 omentum
780 757 835 816 est,
859 767 919 806 non
942 745 1030 805 modo
1052 745 1224 804 membrana
1245 741 1383 817 illaque

238 849 376 910 intestina
389 853 587 931 circumtegit,
609 854 669 933 (tlte
682 855 774 933 caut)
795 856 848 914 sed
869 869 899 915 et
917 877 973 935 pro
993 855 1066 934 ipsis
1086 853 1251 912 visceribus
1268 861 1300 909 et
1316 869 1381 928 par·

237 966 318 1024 tibus
335 967 539 1045 adjacentibus
561 979 732 1046 usurpatur.
775 971 854 1029 Pers.
869 970 930 1030 Sat.
944 970 998 1028 VI.
1012 977 1058 1036 74.
1108 968 1259 1025 “Tremat
1278 969 1382 1022 omento

236 1097 315 1156 popa
329 1081 456 1136 venter-.''
488 1079 528 1136 Et
541 1079 584 1140 11.
598 1088 645 1146 47.
686 1079 793 1138 “Cum
810 1081 842 1138 in
860 1080 985 1138 flammis
998 1080 1136 1158 junicum
1149 1075 1381 1152 omentaliques·

236 1191 329 1246 cant”
384 1189 496 1247 Forsan
517 1192 555 1250 eb
576 1211 664 1260 omen,
689 1193 759 1268 quia
782 1204 851 1250 exta
872 1191 1064 1250 consulebant
1085 1189 1288 1248 vaticinantes.

286 1377 349 1438 129·
399 1363 574 1455 Madida.]
609 1371 744 1433 Coolced.
786 1376 882 1434 Elixa.
924 1376 1048 1434 Modere
1060 1395 1116 1453 pro
1129 1374 1211 1453 coqui
1225 1390 1381 1450 usurpasse

235 1486 366 1554 Veteres,
388 1497 493 1544 notant
515 1487 648 1565 Interpp.
669 1489 794 1548 citantes
808 1491 891 1566 Virg.
911 1490 948 1546 G.
968 1490 992 1546 Ι.
1013 1488 1077 1559 196.
1123 1485 1299 1557 “Quamvis
1319 1482 1380 1560 igni

233 1597 343 1675 exiguo
364 1609 521 1676 properata
535 1598 707 1656 maderent.'’
750 1601 847 1658 Persa.
861 1608 987 1670 92-94.
1011 1600 1046 1656 Τ,
1070 1597 1229 1674 “Collyrae
1250 1594 1339 1654 facite
1349 1604 1381 1650 ut

233 1714 367 1772 madeant
388 1725 418 1772 et
438 1702 593 1790 colliphia:
620 1713 739 1773 Imocta
764 1735 802 1774 ne
822 1715 894 1772 mihi
917 1715 1002 1773 detis.
1025 1716 1053 1772 S.
1078 1713 1152 1772 nihil
1176 1723 1248 1770 sunt
1271 1710 1380 1777 crudae,

232 1833 299 1901 nisi,
321 1853 396 1910 quas
415 1832 547 1892 madidas
567 1833 704 1908 glutias.”
746 1829 830 1891 Infra
850 1842 915 1892 240.

290 2053 341 2064 --
398 2004 619 2096 Milulllam.]
667 2015 799 2073 Subaud.
821 2016 939 2082 famem,
963 2013 1011 2072 vel
1032 2013 1164 2079 orexim;
1192 2010 1217 2066 A
1242 2021 1381 2067 ravenorer

231 2127 365 2206 appetite.
407 2127 453 2184 De
474 2126 632 2203 rapacitate
647 2123 807 2184 milvorum
820 2135 933 2183 notum.
975 2125 1043 2182 Aul.
1058 2123 1124 2182 268.
1160 2120 1381 2178 “Pulmcntum

232 2239 259 2294 ei
280 2237 393 2314 eripuit
410 2235 538 2292 miloos.'’
558 2239 611 2294 &c

290 2453 342 2465 —
398 2407 627 2504 Suggerunt]
676 2416 841 2497 Suggest,·
865 2423 1005 2498 prompt.
1055 2419 1147 2489 Quod
1167 2418 1210 2476 ait
1227 2417 1300 2477 Juv.
1319 2416 1378 2474 Sat

231 2529 286 2585 VI.
301 2535 367 2587 428.
407 2527 582 2587 “Rabidam
604 2531 737 2589 facturus
756 2532 895 2589 orexim.”

282 2735 346 2786 130.
394 2719 602 2811 Actutum]
638 2727 796 2809 Derecto.
840 2732 934 2803 Quasi
957 2732 1058 2789 Actum
1084 2728 1201 2786 eorum.
1242 2724 1327 2802 [Aut
1346 2733 1381 2782 ut

230 2841 298 2900 Ter.
308 2842 403 2900 Andr.
415 2842 456 2898 ll.
471 2861 520 2900 111.
533 2851 558 2908 7.
589 2843 733 2901 “Dictum
744 2843 902 2920 aefectum
912 2841 1060 2901 invenerit
1071 2840 1203 2915 aliquam
1214 2836 1381 2914 causaml]

230 2957 295 3037 (No
316 2973 420 3015 sooner
441 2956 503 3014 said
517 2956 589 3014 than
606 2957 704 3035 done.)
746 2960 761 2980 ”
771 2958 906 3026 Dictio,“
927 2957 968 3015 alt
983 2957 1103 3022 Parcus,
1125 2955 1215 3010 ”tota
1227 2951 1382 3008 Comice“

230 3071 270 3128 Et
292 3087 360 3126 sane
382 3067 493 3127 centies
513 3069 594 3146 apud
617 3069 760 3126 Nostrum
782 3090 816 3128 ac
839 3068 1014 3128 Terentium
1032 3066 1171 3126 occurrit.
1214 3065 1300 3123 Infra
1316 3070 1379 3122 135.

229 3187 295 3238 341.
310 3180 362 3237 &c
405 3177 463 3236 Sed
480 3189 511 3235 et
527 3179 608 3256 apud
625 3179 698 3236 alios
711 3191 846 3238 auctores
858 3179 994 3238 invenire
1011 3189 1066 3246 est,
1086 3196 1262 3256 quanquam
1275 3176 1380 3233 rarius

227 3285 537 3354 Ov.Met.111.557.
579 3288 662 3365 Virg.
684 3291 748 3347 AEn.
769 3291 825 3347 IX.
843 3299 911 3350 255.
952 3289 1012 3348 Cic.
1033 3288 1109 3347 Phil.
1130 3286 1273 3346 xl1.26.
1294 3289 1346 3345 &c

285 3520 336 3532 —
381 3471 557 3565 Ecastor]
599 3483 692 3554 Quasi
706 3485 758 3542 Me
774 3483 888 3552 Castor,
903 3483 934 3562 (i.
945 3505 970 3542 e.
986 3485 1033 3542 Ita
1046 3505 1095 3545 me
1106 3487 1213 3544 Castor
1223 3485 1348 3564 adjuvet
1356 3483 1380 3562 ς)

227 3605 261 3652 ut
275 3605 305 3651 et
318 3592 477 3670 aliquando
490 3593 637 3651 scribitur.
672 3591 755 3650 Infra
769 3591 835 3651 506.
849 3595 902 3652 &c
932 3591 992 3663 Sic,
1008 3593 1062 3650 Me
1075 3592 1154 3652 Dius
1169 3594 1297 3664 Fidius3
1319 3593 1380 3672 (Ita

225 3727 275 3764 me
289 3706 356 3760 Aule
370 3703 465 3760 Filius
480 3703 588 3782 juvet.)
610 3702 793 3780 Hujusmodi
807 3715 885 3772 sunt,
901 3704 985 3781 Epol,
1002 3704 1059 3762 Per
1075 3705 1229 3764 Pollucem
1237 3728 1247 3775 ;
1271 3707 1378 3786 Ejuno,

227 3817 284 3873 Per
297 3816 447 3874 lunonem
457 3836 466 3884 3
488 3812 651 3892 Equirme;
674 3813 802 3878 Eccere,·
824 3815 928 3892 [Infra
940 3817 1026 3895 316]
1041 3819 1096 3876 &c
1130 3817 1209 3876 Sunt
1230 3818 1285 3896 qui
1307 3817 1377 3876 scri·

226 3927 304 3983 bunt
326 3923 469 3994 AEcastor,
492 3935 527 3981 ut
547 3923 585 3981 sit
605 3922 665 3980 Per
687 3923 788 3981 AEdem
806 3923 954 3996 Castoris3
977 3925 1235 4002 quemadmodum
1258 3926 1378 4006 Edepol,

227 4031 325 4109 Supra
340 4031 384 4090 16.
424 4031 519 4088 Notat
533 4030 611 4090 Gell.
629 4029 683 4088 XI.
702 4030 729 4088 6.
769 4030 931 4089 ”solarum
944 4051 1008 4090 esse
1027 4032 1210 4090 feminarum
1229 4054 1287 4113 per
1307 4034 1377 4092 cas-

227 4148 314 4202 torem
332 4143 451 4222 'jurare3
475 4142 628 4211 Virorum,
655 4161 712 4220 per
738 4141 893 4202 Herculem
900 4165 915 4207 ,·
944 4143 1056 4222 Edepol
1077 4155 1181 4203 autem
1203 4157 1236 4204 et
1260 4147 1327 4204 viro
1348 4155 1378 4203 et

226 4249 343 4307 ferninae
367 4271 522 4310 commune
542 4272 612 4311 esse.
663 4253 721 4318 Sed
742 4261 881 4310 mecastor
899 4275 918 4312 a
939 4255 1004 4312 viro
1024 4255 1094 4326 dici,
1117 4256 1149 4313 in
1171 4257 1259 4315 nullo
1277 4268 1378 4316 vetere
