3084 5017
175 471 220 553 74
602 470 651 531 ru.
677 471 719 531 Α.
747 467 927 532 eurum

277 668 332 739 Et
357 664 411 736 illi
436 689 574 760 quoque
597 663 693 735 haud
719 664 900 736 abstinent
927 687 1017 759 saepe
1043 662 1168 761 culpa3

278 792 418 865 Verum
436 803 490 865 est
509 790 635 863 modus
653 801 786 874 tamen,
813 790 928 886 quoad
945 791 1021 888 pati
1039 815 1184 864 uxorem
1202 797 1362 886 oportet;

278 915 357 990 Nec
382 915 442 1014 pol
465 915 540 988 filia
565 941 720 1012 unquam
747 926 884 1012 patrem
912 915 1055 988 arcessit
1081 915 1126 988 ad
1153 940 1199 998 se,

276 1037 361 1113 Nisi
387 1041 422 1113 si
448 1052 512 1114 aut
535 1040 621 1137 quid
648 1041 824 1123 conmisit,
851 1052 914 1111 aut
935 1041 1035 1136 jurgi
1061 1050 1115 1112 est
1139 1063 1253 1111 causa.

278 1164 349 1238 Sed
366 1165 415 1250 id,
434 1164 610 1262 quidquid
624 1175 689 1248 est,
702 1166 780 1261 jam
796 1163 914 1236 sciam.
956 1163 1079 1259 Atque
1096 1185 1211 1238 eccam
1226 1184 1366 1257 eampse

276 1288 381 1362 Ante
406 1288 502 1372 aedis,
528 1299 565 1362 et
591 1291 667 1383 ejus
692 1287 808 1360 virum
835 1287 973 1361 tristem
999 1287 1112 1360 video.
1307 1290 1366 1358 676

279 1412 325 1487 Id
350 1425 415 1499 est,
439 1415 534 1511 quod
558 1415 769 1513 suspicabar.

279 1539 484 1638 Adpellabo
498 1539 599 1615 hano.

485 1664 571 1738 Mu,
590 1665 657 1739 Ibo
667 1666 866 1740 advorsum.
894 1667 999 1741 Salve
1011 1665 1179 1751 multum,
1191 1667 1364 1763 mipater.

177 1789 243 1864 Su.
278 1788 383 1864 Salva
408 1791 466 1863 sis.
514 1790 656 1889 §adven'
678 1790 854 1865 advenio?
887 1792 1017 1865 salven'
1041 1792 1166 1863 arcessi
1187 1791 1318 1885 jubes?

277 1915 378 2002 Quid
410 1927 451 1987 tu
481 1917 596 1988 tristis
628 1919 692 1988 es?
732 1917 821 2012 quid
847 1916 909 1990 ille
938 1927 1058 1990 autem
1093 1917 1154 1989 abs
1185 1926 1221 1988 te
1252 1916 1366 1988 iratus

426 2039 597 2140 destitit?
1307 2045 1366 2106 680

276 2163 408 2237 Nescio
431 2165 518 2262 quid
544 2191 603 2238 vos
630 2166 771 2269 velitati
799 2168 883 2240 estis
909 2167 1088 2240 intervos
1115 2166 1199 2240 duo.

275 2290 451 2386 Loquere,
476 2301 558 2363 uter
585 2293 765 2366 meruistis
792 2292 943 2390 culpam,
970 2293 1112 2390 paucis3
1143 2316 1215 2364 non
1240 2289 1366 2385 longos

427 2414 537 2512 logos.

195 2617 221 2651 v.
234 2601 287 2648 672.
314 2600 404 2658 Quoad,
430 2603 555 2660 monosyll.
590 2605 642 2652 677.
657 2602 774 2652 Clausula
794 2603 909 2652 Iambicn.
949 2604 1075 2651 678-771.
1090 2603 1178 2652 Troch.
1197 2604 1262 2653 Tetr.
1283 2603 1338 2662 Cat.

615 2678 669 2726 681.
688 2677 793 2734 Vatitari,
809 2694 858 2727 non
872 2678 929 2728 olid.

173 2817 300 2876 dotatam
324 2835 448 2874 uxorem
469 2815 590 2875 duxisse
613 2816 746 2876 vidimus
836 2819 902 2886 675.
934 2820 1041 2878 Eccum
1051 2821 1190 2901 eampse]
1212 2821 1291 2882 Ecce
1301 2843 1365 2880 earn

174 2912 207 2970 in
221 2911 341 2988 Prolog.
355 2932 383 2968 v.
398 2910 445 2970 61.
479 2910 632 2982 Quidnam
646 2921 746 2971 autem
796 2916 899 2994 ipsam.
935 2917 1018 2975 ‘Ohr
1038 2917 1122 2977 there
1136 2919 1188 2977 she
1202 2919 1227 2978 is
1237 2919 1365 2979 herself!

175 3005 332 3063 turbarum
350 3003 397 3062 hae
416 3003 493 3062 ciere
513 3005 635 3075 soleant,
658 3005 745 3064 facile
798 3011 895 3090 Supra
908 3021 955 3082 99.

175 3119 214 3159 ex
230 3099 369 3179 pluribus
384 3099 528 3158 Veterum
548 3101 667 3179 scriptis
685 3101 745 3160 col·
836 3124 902 3195 679·
944 3124 1060 3184 Salven·
1074 3125 1239 3207 adventor]
1262 3127 1313 3186 ιῙ8
1326 3128 1365 3186 aq

175 3197 269 3274 ligere
295 3195 452 3273 P⁰⁸⁵im¹¹⁸·
493 3195 568 3253 ΗΟΓ·
601 3197 660 3257 Od·
685 3197 745 3256 ῙῙῙ·
797 3217 884 3275 well?
915 3218 964 3275 Do
982 3216 998 3274 I
1013 3218 1075 3276 find
1093 3219 1133 3276 all
1148 3219 1261 3297 rightr’
1291 3221 1364 3279 For-

178 3309 265 3350 fflv·
289 3299 332 3360 19·
797 3315 879 3373 mula
887 3315 1050 3374 salutandi:
1066 3315 1104 3376 de
1114 3337 1174 3394 qua
1182 3317 1259 3376 Vide
1268 3318 1364 3376 Gloss.

221 3415 304 3463 “Nec
318 3415 399 3462 dotata
413 3412 473 3472 ferit
487 3413 562 3462 virum
579 3413 701 3474 001151113'
836 3424 902 3485 680.
944 3424 1094 3505 Destitit]
1128 3427 1157 3484 A
1171 3426 1297 3494 desisto;
1313 3427 1365 3504 (ue

178 3507 267 3566 Nost⁴
280 3504 385 3564 Aulul·
402 3512 466 3565 ¹22·
797 3540 866 3580 cum
899 3520 1046 3581 Lambino
1078 3520 1192 3592 dinco,
1230 3545 1248 3581 a
1280 3523 1364 3595 disto,

175 3619 261 3666 ΠΜ
269 3631 367 3676 magnas
374 3614 496 3673 60601168»
507 3614 605 3672 animos,
615 3615 676 3663 6063
685 3616 745 3675 dap-
795 3615 902 3692 legas)
944 3614 1044 3694 ‘Why
1058 3615 1129 3674 does
1146 3615 1185 3675 he
1204 3617 1272 3696 keep
1288 3615 1373 3695 oloos

237 3693 295 3752 silis,

202 3770 332 3824 Clamores,
346 3767 445 3827 imperio
446 3802 528 3816 .........
531 3767 547 3788 ”

180 3879 270 3940 Adde
284 3878 362 3938 Ibid.
377 3885 444 3938 431.
459 3885 526 3948 449.
547 3877 591 3937 Et
604 3898 670 3957 sqq.

798 3713 875 3770 from
889 3733 949 3789 you
963 3713 994 3770 iu
1008 3733 1045 3772 au
1059 3733 1155 3792 angry
1168 3712 1289 3774 mood?'

837 3824 904 3884 682.
949 3825 1020 3884 Uter
1046 3826 1192 3885 moninio
1221 3825 1366 3908 cclpm]

800 3918 927 3978 ‘Which
947 3922 984 3979 of
998 3941 1059 3998 you
1079 3922 1104 3979 is
1123 3932 1155 3980 to
1174 3923 1290 3982 blame!

219 4062 259 4073 -
298 4026 448 4105 Ferocem]
489 4026 658 4105 ‘Haughty
689 4025 749 4085 and
836 4063 877 4077 -
916 4029 983 4088 Non
1005 4029 1103 4109 longos
1119 4033 1224 4112 logos]
1266 4034 1366 4093 ‘Let's

180 4119 395 4197 overhearing?
434 4119 504 4192 Quo
523 4122 654 4199 pertinet
673 4120 748 4179 illud
798 4123 874 4182 have
900 4142 977 4181 none
1003 4123 1039 4181 of
1060 4143 1137 4200 your
1157 4127 1229 4205 long
1253 4128 1365 4188 stories

181 4212 292 4274 animos
315 4213 346 4270 in
369 4212 434 4271 loco
457 4233 495 4272 ex
519 4215 630 4274 Aulul:
659 4235 748 4295 supra
799 4218 850 4275 No
869 4218 1009 4296 prosing.’
1050 4220 1157 4298 Apage
1176 4222 1280 4301 longas
1300 4244 1366 4283 ver-

181 4312 279 4372 eitato.
798 4314 905 4372 borum
926 4315 1073 4391 ambages.
