3084 5017
556 459 884 524 MENAECHMEI.

126 740 130 745 ,
221 657 305 758 Ege
330 669 460 733 tenen
487 660 581 744 novi,
607 684 723 756 neque
748 662 888 734 novisse
914 662 1000 735 adeo
1024 662 1112 734 volo.

120 783 196 859 ΟΥ.
222 786 294 859 Est
319 787 387 860 tibi
412 783 638 860 Menaeehmo
663 811 795 861 nomen
821 798 975 872 tantum,
1003 786 1098 884 quod
1120 788 1238 861 seiam.

119 908 207 983 ΜΕ.
220 910 295 1009 Pro
321 935 405 985 sano
428 910 593 1008 loqueris,
620 936 727 1009 quom
750 937 809 985 me
836 912 993 1011 adpellae
1016 913 1171 985 nomine.

223 1035 296 1108 Sed
319 1037 382 1109 ubi
407 1038 538 1111 novisti
564 1040 649 1109 me?

632 1160 707 1235 ΟΥ.
734 1162 815 1236 Ubi
841 1188 907 1260 ego
931 1173 967 1235 te
993 1164 1163 1247 noverim,

221 1286 294 1371 Qui
312 1286 460 1359 amicam
477 1285 607 1360 habeas
624 1285 747 1360 heram
764 1309 893 1373 meam,
919 1286 1012 1361 hanc
1029 1286 1227 1360 Erotium?
1254 1300 1313 1351 215

122 1407 208 1480 ΜΕ.
220 1407 352 1507 Neque
375 1409 518 1485 hercule
544 1409 669 1496 habeo,
694 1435 812 1507 neque
837 1422 885 1496 te,
911 1413 992 1509 quis
1013 1410 1121 1484 home
1146 1410 1205 1494 sis,
1229 1410 1312 1483 seio.

122 1535 194 1608 ΟΥ.
221 1532 309 1609 Neu
335 1536 402 1610 scis
427 1538 506 1634 quis
531 1563 596 1636 ego
622 1539 702 1624 sim,
728 1540 791 1635 qui
817 1539 886 1612 tibi
912 1540 1115 1636 saepissume

221 1662 411 1760 cyathisso
436 1664 532 1760 apud
557 1689 633 1750 nos,
660 1665 802 1762 quando
825 1669 957 1763 potas?

226 1760 240 1771 ’
948 1789 1054 1863 Mes.
1081 1788 1160 1861 He
1185 1786 1288 1873 mihi,

220 1911 338 1997 Quom
364 1913 457 1989 nihil
482 1926 548 2000 est,
572 1918 637 2017 ¹qui
663 1915 719 1988 illi
744 1913 884 1988 homini
909 1915 1108 1987 diminuam
1135 1885 1261 2009 eaput!

121 2034 207 2109 Mn.
220 2034 318 2111 Tuu’
335 2038 550 2137 cyathissare
571 2040 662 2114 mihi
684 2041 786 2127 soles,
814 2042 877 2137 qui
899 2050 984 2114 ante
999 2038 1096 2112 hune
1117 2037 1214 2110 diem
1253 2050 1312 2102 220

220 2162 468 2261 Epidamnum
493 2192 677 2264 nunquam
704 2167 780 2240 vidi
805 2190 924 2263 neque
949 2166 1057 2239 veni?

1055 2289 1132 2364 CY.
1159 2288 1311 2389 Negas?

121 2412 207 2488 ΜΕ.
221 2414 329 2515 Nego
353 2418 472 2493 hercle
494 2445 586 2494 vero.

309 2608 313 2612 .
583 2544 657 2619 ΟΥ.
685 2545 771 2620 Nou
798 2558 840 2622 tu
865 2550 904 2620 in
928 2546 1041 2621 illisce
1066 2545 1201 2618 aedibus

222 2667 410 2745 Habitas?

349 2792 434 2865 ΜΕ.
454 2790 510 2865 Di
522 2792 614 2879 illos,
626 2795 688 2892 qui
697 2794 753 2890 illi
763 2793 944 2878 habitant,
953 2792 1116 2866 homines
1125 2789 1311 2888 perduint!

120 2913 191 2985 ΟΥ.
220 2912 364 2989 Insanit
389 2915 448 2990 hie
472 2916 629 3015 quidem,
655 2919 718 3015 qui
743 2919 821 3015 ipse
845 2916 1029 2991 maledicit
1055 2915 1186 2988 sibi.—

221 3020 374 3127 Audin',
392 3043 641 3118 Menaechme?

607 3170 694 3244 ΜΕ.
713 3170 813 3257 Quid
829 3172 911 3245 vis?

894 3296 969 3371 ΟΥ.
995 3295 1035 3370 Si
1051 3322 1110 3370 me
1127 3295 1309 3381 considam

178 3519 202 3551 v.
217 3503 271 3551 212.
287 3503 322 3551 B:
343 3505 452 3564 Tantum,
472 3508 532 3567 qued
547 3508 616 3554 seiam
631 3506 785 3555 Muumno
800 3504 889 3555 tribuit.
928 3506 981 3553 214.
997 3503 1062 3551 Med.
1086 3502 1158 3566 [vid.
1171 3502 1234 3551 infra
1245 3499 1311 3561 293.]

118 3576 171 3625 219.
185 3577 225 3626 Ita
236 3577 327 3638 scripti.
342 3578 386 3627 Illi
399 3595 448 3628 non
459 3580 565 3630 eliditur.
580 3582 611 3629 Β.
640 3582 694 3630 223.
710 3581 761 3635 Illi,
778 3582 816 3630 V:
834 3581 898 3628 illie.
916 3579 978 3629 Vide
990 3578 1014 3626 iu
1029 3578 1109 3627 Glees.
1137 3578 1191 3626 224.
1207 3578 1311 3633 Quidem,

118 3652 179 3701 elisa
192 3656 202 3700 i
217 3652 285 3703 litere
299 3656 474 3715 pronuntianti:
493 3657 525 3705 Β.
542 3656 633 3720 [Supra
646 3657 700 3718 uu]

158 3832 225 3884 211.
267 3822 370 3903 Neque
385 3826 496 3886 misse
509 3826 581 3887 adeo
599 3826 690 3905 vele]
779 3835 847 3886 212.
889 3822 1096 3901 Menaechme]
1159 3821 1208 3879 De
1242 3840 1311 3879 con-

122 3921 220 3992 ‘And'‚
239 3922 322 3980 what
334 3922 361 3981 is
374 3942 466 3994 more,
488 3926 503 3985 1
517 3925 601 3985 don't
613 3924 691 3983 wish
741 3917 914 3985 structione,
939 3917 1038 3995 Supra
1052 3915 1131 3973 Prol.
1146 3922 1195 3973 43.

121 4016 253 4075 toknow
266 4020 346 4095 you.'
373 4016 421 4077 De
433 4020 691 4099 partifflfimque
836 4018 957 4066 “Nomen
973 4018 1034 4066 indit
1049 4016 1213 4064 Menaechmoss’
1287 4074 1290 4087 .

122 4111 200 4183 adeo,
209 4112 280 4171 vide
289 4113 322 4171 in
330 4111 454 4173 Protal
466 4137 477 4185 ;
492 4115 591 4176 Gloss.
601 4114 691 4173 Adde
782 4119 850 4171 225.
891 4110 926 4168 Si
960 4130 1003 4168 me
1041 4108 1204 4190 censum]
1266 4112 1317 4171 ‘If

123 4203 240 4264 Poenul.
256 4214 323 4265 511.
742 4208 834 4287 you'll
856 4207 927 4264 take
950 4225 1004 4284 my
1026 4206 1147 4267 advice!
1188 4207 1222 4266 Si
1246 4228 1313 4267 mee

121 4314 137 4335 ‘⁸
146 4312 198 4361 Nec
208 4313 302 4368 damus,
316 4328 389 4374 neque
399 4315 454 4363 adeo
463 4315 574 4364 velumus
586 4315 693 4363 datum.'’
743 4305 836 4365 utaris
857 4303 988 4362 consilio.

999 4424 1025 4473 Ε
