3084 5017
507 473 558 534 IN
587 471 915 539 MENAECHMEI.
1218 477 1281 540 121

133 668 215 733 recte¹
233 659 407 739 subjungit:
437 663 501 720 ”At
523 663 668 740 sequioris
690 665 746 722 aevi
769 666 927 744 scriptores
949 686 1014 725 eam
1036 667 1148 746 linguae
1171 667 1286 726 Latinae

133 769 298 829 castitatem
318 771 368 829 vix
390 772 459 830 satis
479 774 707 832 observabant“

194 925 244 986 36.
294 921 533 1017 Emortuost.]
580 931 765 993 Emortttue
789 939 846 995 est.
887 937 1018 1017 Antiqui
1034 940 1124 1010 enim,
1144 935 1214 1000 siin
1228 963 1288 1019 qua

132 1075 204 1113 voce
227 1056 315 1116 litera
336 1079 355 1115 u
378 1061 590 1136 geminaretur,
614 1061 810 1140 posteriorem
834 1062 866 1120 in
889 1083 906 1121 o
926 1067 1158 1125 commutabant.
1208 1068 1243 1126 E.
1256 1088 1285 1145 g.

131 1174 215 1238 tuom,
236 1167 354 1240 clavom,
377 1168 526 1243 amacium,
548 1167 738 1246 instruontur,
753 1177 806 1236 &c

193 1333 242 1392 37.
291 1318 486 1412 Nuntius]
523 1329 638 1418 Newn
669 1334 844 1422 Aliquando
856 1335 966 1413 plurali
979 1355 1123 1406 numero3
1145 1335 1207 1395 Cic.
1221 1338 1286 1395 Att.

131 1438 189 1496 ΙΙΙ.
207 1447 253 1506 17.
296 1441 431 1500 “Nuntii
441 1443 527 1502 nobis
540 1443 649 1514 tristes,
664 1464 720 1503 nec
730 1445 807 1503 varii
820 1446 994 1504 venerunt”
1034 1444 1158 1523 Duplici
1172 1446 1286 1523 signifi·

131 1549 245 1632 catione
259 1553 389 1611 occurrit
401 1573 456 1630 pro
468 1575 501 1612 re
513 1554 658 1625 nuntiata,
673 1567 703 1614 et
716 1555 909 1634 ipso'nuntio.
941 1558 1018 1617 Pan.
1051 1559 1122 1618 Lex.
1152 1560 1284 1620 Plautio.

193 1717 242 1767 42·
277 1701 406 1795 indit]
448 1715 582 1795 Imponit.
625 1716 711 1786 lndo,
733 1717 768 1787 is,
792 1738 859 1788 ere3
882 1719 920 1776 ab
940 1717 981 1787 in,
1005 1719 1050 1789 do,
1071 1721 1151 1778 dare.
1202 1722 1287 1781 Infra

130 1841 232 1892 4180.
244 1833 330 1912 Capt.
344 1843 370 1893 1.
386 1835 561 1894 “Juventus
576 1855 672 1893 nomen
683 1833 790 1892 indidit
801 1844 898 1894 scorto
908 1835 1009 1893 mihi.''
1020 1839 1074 1896 &c
1091 1838 1161 1896 Tac.
1173 1837 1283 1897 Annal.

130 1940 171 1999 II.
188 1942 234 2002 56.
278 1943 396 2016 “Quod
409 1943 453 2002 illi
467 1945 646 2004 vocabulum
662 1943 855 2003 indiderunt.''
896 1947 1045 2005 Caeterum
1058 1948 1090 2005 in
1104 1969 1179 2007 vers.
1199 1970 1284 2027 prox.

130 2055 308 2116 Menaechmo
321 2058 353 2115 in
367 2057 463 2117 dativo
476 2059 596 2134 legitur,
611 2059 649 2116 ad
663 2058 882 2137 appositionem
896 2060 950 2114 τοῦ
963 2057 1024 2116 Illi.
1066 2059 1124 2118 Sic.
1136 2059 1211 2118 Hor.
1223 2060 1284 2118 Sat.

129 2168 172 2226 ΙΙ.
186 2189 237 2228 111.
251 2178 300 2230 25.
336 2169 538 2230 “Mercuriali
552 2170 726 2247 Imposuere
740 2167 815 2226 mihi
829 2187 995 2246 cognomen
1009 2167 1165 2246 compita''
1199 2168 1284 2247 Virg.

130 2284 166 2340 G.
181 2283 243 2342 ΙΙΙ.
261 2290 326 2350 147.
369 2291 388 2317 “
399 2281 455 2341 Cui
469 2303 577 2340 nomen
590 2281 661 2340 asilo
677 2281 844 2338 Romanum
858 2282 929 2338 est!
950 2281 1003 2339 &c

191 2452 239 2503 44.
289 2435 422 2532 Ipsus]
465 2445 544 2504 Vett.
559 2466 615 2525 pro
629 2445 718 2524 Ipse:
742 2447 900 2525 Praecipue
914 2447 997 2526 apud
1008 2447 1155 2507 Conricos.

190 2611 238 2671 46.
289 2599 534 2702 Flagltarier]
558 2615 636 2674 Cum
647 2615 774 2692 strepitu
788 2625 819 2674 et
832 2615 959 2675 clamore
971 2615 1074 2693 quaeri.
1096 2613 1205 2674 Pseud.
1217 2621 1282 2674 550.

130 2735 263 2794 “Sinon
278 2735 371 2804 dabis,
386 2735 516 2794 Clamore
529 2755 638 2813 magno
653 2745 683 2793 et
696 2734 826 2793 multum
835 2734 1043 2814 flagitobere.”
1066 2735 1143 2810 (Ubi
1153 2736 1282 2795 creditor

97 2887 100 2902 ι
128 2861 287 2928 argentum
298 2870 365 2908 cum
377 2849 512 2908 convicio
523 2848 679 2927 deposcit.)
702 2848 823 2907 Petron.
834 2848 893 2907 Sat.
903 2849 975 2925 Cap.
985 2855 1034 2917 99.
1054 2849 1154 2907 “Non
1166 2848 1281 2907 minore

129 2959 264 3018 clamoris
278 2959 483 3037 indignatione
498 2958 608 3018 Gitona
621 2958 812 3038 flagitabat.”
846 2959 957 3017 Nostro
970 2959 1095 3019 fortasse
1112 2961 1178 3019 loco
1192 2959 1279 3031 valet,

129 3071 334 3137 Proclamari‚·
369 3072 449 3131 Vide
465 3072 548 3130 Nott
583 3072 626 3130 Et
644 3072 745 3131 confer
763 3072 884 3130 Petron.
899 3072 961 3131 Sat
976 3073 1049 3151 Cap.
1063 3082 1110 3142 97.
1146 3073 1280 3133 “Praeco

127 3186 188 3245 haec
202 3185 413 3265 proclamavit:
451 3186 563 3244 ‘Punn
581 3185 613 3243 in
631 3185 737 3244 balneo
754 3186 856 3264 paullo
873 3196 942 3245 ante
960 3186 1118 3256 aberravit,
1135 3207 1281 3247 annorum

128 3301 203 3360 circa
217 3299 307 3359 XVI.
329 3301 453 3378 crispus,
475 3299 582 3369 mollis,
601 3299 758 3368 formosus,
782 3299 902 3358 nomine
923 3299 1041 3358 (imon.
1081 3298 1115 3358 si
1130 3301 1280 3377 quiscum

127 3412 261 3481 reddere,
283 3422 334 3471 aut
354 3421 585 3471 commonstrare
607 3409 743 3480 voluerit,
765 3409 891 3488 accipiet
909 3422 1053 3468 nummos¹
1068 3409 1198 3469 mille.'’'

187 3582 236 3640 47.
284 3564 476 3658 PraedicO.]
531 3578 574 3636 Td
593 3576 681 3657 prius
704 3576 826 3635 additur
849 3596 904 3654 per
927 3576 1152 3655 pleonasmum3
1182 3583 1217 3632 ut
1240 3574 1279 3634 sit

126 3695 265 3771 praedico,
289 3694 324 3764 in,
348 3695 476 3773 (penult.
498 3696 620 3774 longag)
643 3716 703 3754 non
723 3694 865 3773 praedico,
887 3715 931 3765 aa,
954 3694 1082 3773 (penult
1097 3692 1205 3773 brevi.)
1227 3693 1277 3753 Sic

127 3827 153 3863 v.
169 3815 194 3864 1.
211 3806 322 3883 Supra,
336 3805 469 3863 Primum
482 3826 500 3864 a
511 3805 668 3886 principio.
710 3806 796 3864 Infra
808 3814 855 3866 55.
896 3805 990 3884 Mage
1002 3807 1136 3884 majores.
1158 3806 1211 3865 &o

186 3970 234 4031 49.
282 3949 474 4044 Pedibus]
527 3964 646 4023 Scilicet
670 3961 826 4023 Carminis.
871 3960 914 4018 Ut
938 3961 1014 4019 Hor.
1039 3961 1099 4020 Sat
1123 3959 1149 4018 1.
1173 3980 1204 4020 x.
1229 3970 1276 4033 59.

126 4081 283 4144 “Pedibus
302 4083 376 4162 quid
390 4083 527 4143 claudere
542 4083 647 4143 senis.''
694 4083 756 4142 Sed
769 4083 862 4140 verbo
875 4080 1017 4158 ambiguo
1027 4080 1089 4160 joci
1103 4101 1192 4141 causa
1204 4103 1277 4143 usus

125 4207 176 4268 est,
198 4191 288 4276 quasi
304 4196 412 4275 aliquis
429 4197 565 4258 crederet
582 4217 650 4256 eum
668 4216 781 4265 revera,
801 4204 832 4254 et
848 4195 910 4254 suis
927 4187 1065 4274 pedibus,
1083 4194 1115 4253 in
1129 4196 1276 4277 Epidam-

123 4333 195 4373 num
214 4314 330 4373 iturum
350 4333 423 4373 esse.

670 4433 697 4491 Q
