3084 5017
557 451 607 513 m
634 451 958 519 mennonium.
1252 452 1319 536 177

215 664 286 726 493.
336 648 394 722 Ut
408 653 487 740 ne.]
529 658 640 735 Amph.
662 659 737 717 Prol.
755 668 819 726 127.
861 659 934 718 “Ut
952 681 996 730 ne,
1018 662 1071 738 qui
1089 677 1192 730 essem,
1206 679 1322 739 qurere-

162 771 260 828 rent.”
304 769 373 828 Ter.
388 769 469 827 Eun.
485 768 523 826 V.
540 785 583 825 ιν.
598 773 644 826 20.
687 775 705 802 ‘⁶
719 767 757 825 Ut
771 786 807 825 ne
819 769 934 846 inpune
946 788 1001 828 nos
1015 769 1190 828 inluseris.”'
1200 771 1254 829 &e

228 967 276 976 -
335 919 516 1022 sponsio]
557 931 669 1005 Ἐγγόη.
712 935 780 990 ‘An
801 942 998 1010 engagement
1020 934 1051 990 in
1072 931 1139 1001 law,
1162 933 1203 1010 by
1223 931 1322 991 which

162 1045 238 1104 each
251 1057 342 1124 party
360 1045 466 1104 bound
483 1044 608 1102 himself
624 1053 655 1101 to
677 1043 779 1100 forfeit
797 1064 815 1100 a
836 1043 948 1102 certain
970 1052 1087 1100 sumto
1108 1043 1159 1101 the
1181 1042 1275 1113 other,
1290 1044 1322 1100 in

162 1177 231 1214 case
244 1156 285 1214 he
299 1157 390 1216 failed
402 1167 435 1215 to
448 1155 536 1214 make
549 1155 629 1233 good
641 1155 687 1212 his
699 1158 803 1213 cause!
844 1153 892 1212 Ita
905 1173 963 1211 vox
974 1153 1063 1222 dicta,
1081 1155 1152 1231 quia
1164 1154 1321 1233 spondebat

163 1281 296 1348 uterque
315 1270 458 1347 litigator,
478 1268 555 1326 detis
575 1267 736 1346 praedibus,
758 1285 799 1334 se,
817 1265 875 1324 nisi
897 1284 1014 1323 causam
1035 1285 1119 1323 suam
1138 1268 1319 1344 probaverit,

160 1389 276 1437 certam
290 1377 450 1456 pecuniam
463 1375 632 1434 adversario
645 1373 876 1452 persoluturum.
918 1373 1000 1431 Hine
1014 1371 1192 1452 sponsionem
1198 1373 1318 1452 facere,

161 1467 288 1559 vincere,
309 1494 363 1550 &o
405 1489 497 1548 Plura
516 1488 593 1546 Vide
612 1486 693 1565 apud
713 1486 832 1545 Ernest.
855 1487 937 1546 Clav.
955 1485 1017 1544 Cic.
1035 1486 1067 1543 in
1085 1506 1148 1545 voc.
1168 1486 1298 1564 sponsio.

222 1700 272 1710 —
321 1657 513 1750 Praerlem.]
545 1662 727 1744 douretp3
753 1663 942 1725 bondoman.
978 1667 1107 1740 “lippos
1148 1668 1196 1727 Its
1206 1668 1315 1738 dictus,

162 1783 236 1859 quia
253 1802 386 1860 praesens
404 1792 458 1840 est.
498 1779 662 1838 ’'Differta
680 1779 780 1846 Vade;
801 1781 882 1840 Nam
900 1781 959 1840 Vas
972 1782 1083 1860 estqui
1101 1782 1133 1840 in
1150 1801 1183 1840 re
1196 1782 1317 1860 capitali

159 1913 218 1972 pro
229 1893 288 1951 alio
302 1893 445 1970 spondet:
468 1891 563 1961 Proer,
578 1891 672 1969 quiin
686 1911 718 1949 re
731 1891 929 1950 nummaria.“
956 1895 1077 1976 Auson.
1091 1893 1140 1952 eit.
1153 1914 1201 1972 ap.
1222 1894 1315 1953 Fece.

210 2077 280 2138 495.
330 2056 555 2150 Acerram]
599 2064 700 2127 Keos.
742 2066 1013 2128 mortisinesse.
1027 2069 1092 2128 As„
1109 2069 1161 2126 w.
1176 2077 1202 2128 s.
1237 2068 1313 2147 [cis.

159 2203 207 2260 ap.
225 2183 311 2241 Nott.
325 2203 353 2240 v·
368 2182 455 2260 492]
477 2181 654 2258 “Egregius
669 2178 871 2247 Marcellinus,
884 2198 979 2236 munes
992 2180 1102 2238 acros.’'

208 2369 278 2439 496.
316 2361 491 2456 Conrupit
509 2355 632 2458 diem]
670 2367 737 2430 Cut
754 2386 802 2446 up
819 2387 871 2448 my
888 2367 961 2448 dap.
1000 2370 1204 2431 Citathun:
1226 2372 1312 2432 Asin.

157 2491 224 2550 273.
268 2482 382 2554 “Quin
402 2503 460 2560 ego
478 2481 555 2540 hano
571 2481 665 2559 jubeo
686 2489 792 2549 locere,
814 2501 882 2559 quae
902 2481 1027 2560 loquens
1048 2480 1159 2540 lacerat
1179 2481 1299 2542 diem?”

205 2669 276 2730 497.
326 2653 460 2748 Meque
477 2648 596 2739 ades]
635 2657 709 2718 And
724 2678 774 2720 me
792 2666 851 2720 too.
882 2664 959 2722 Vide
978 2665 1054 2722 Ptol.
1068 2673 1115 2723 21.
1144 2665 1309 2734 lunares.

207 2841 276 2892 500.
326 2820 469 2914 Eloco]
512 2835 603 2894 Illioo.
645 2837 744 2915 Supra
764 2845 831 2907 359.

207 3033 276 3083 505.
326 3015 425 3088 Bene
449 3011 546 3104 sien]
595 3024 672 3084 Vide
692 3023 791 3101 Supra
811 3031 877 3089 ³87.

206 3202 276 3262 506.
325 3188 547 3282 Foenerat0.]
601 3198 686 3259 Witlr
711 3199 855 3260 interest.
908 3203 993 3262 Asin.
1008 3201 1075 3270 ⁸76.
1127 3203 1318 3264 “Foeneralo'

155 3316 221 3376 hoee
245 3315 395 3374 funditet:
425 3335 494 3372 nam
522 3315 546 3373 si
574 3314 695 3372 domum
723 3313 846 3373 redierit
872 3313 971 3384 hodie,
994 3315 1157 3376 osculando
1183 3316 1309 3378 uloircar

155 3429 385 3506 potissumum.”
411 3426 479 3486 Ter.
494 3426 615 3484 Phorm.
628 3425 690 3485 111.
706 3445 740 3484 11.
754 3434 783 3486 8.
814 3427 1027 3492 “Foeneratum
1039 3429 1117 3512 istuc
1129 3431 1309 3491 beneficium

155 3540 211 3600 tibi
235 3540 342 3619 pulcre
366 3539 473 3598 dioes.''
514 3537 574 3596 Ubi
598 3537 732 3616 Interpp.
761 3539 876 3598 ”Dices
897 3539 955 3599 hoc
981 3541 1159 3601 beneficium
1182 3564 1200 3602 a
1220 3553 1250 3602 te
1277 3543 1308 3601 in

143 3655 262 3734 foenere
284 3653 410 3734 positum
436 3673 504 3712 esse.
543 3651 698 3710 Fateberis
721 3662 753 3711 te
774 3673 831 3731 pro
847 3652 909 3713 hoo
929 3654 1074 3714 beneficio
1098 3653 1189 3734 longe
1209 3659 1306 3737 majus

154 3766 337 3844 accepisse.“
376 3765 419 3824 Es
433 3764 525 3823 citant
537 3763 599 3823 (lio.
614 3763 652 3822 de
665 3763 761 3822 Amic.
783 3784 807 3823 c.
822 3774 850 3835 9.
872 3767 1008 3844 “Neque
1020 3767 1199 3828 beneficium
1209 3769 1305 3849 soene·

154 3879 285 3936 mmm?
326 3875 404 3934 Vide
424 3885 454 3933 et
473 3873 603 3952 Adelph.
618 3872 662 3932 ΙΙ.
677 3894 709 3932 11.
722 3882 771 3934 10.
814 3874 890 3935 “Ne
911 3897 971 3935 non
990 3877 1045 3936 tibi
1055 3855 1247 3956 foenerarotst’

209 4093 263 4106 ..
310 4038 529 4132 sinuatus]
577 4051 661 4110 Infra
681 4060 746 4112 530.
790 4052 922 4114 '’Serms
948 4057 1120 4134 castigantis
1146 4071 1178 4119 et
1201 4078 1306 4139 poesss
1338 4062 1340 4065 ’

153 4167 347 4236 sumentis·;“
371 4164 456 4222 Pers:
483 4163 535 4240 qui
556 4162 626 4222 citat
644 4162 753 4222 Pseud.
770 4171 833 4224 151.
873 4165 996 4236 “Hern,
1012 4167 1056 4226 sic
1075 4169 1174 4241 dnmr,
1191 4172 1306 4250 siquis

152 4280 260 4339 herum
293 4296 397 4336 servus
425 4275 563 4352 spernit.''
614 4274 703 4334 Truo.
725 4283 791 4347 594.
840 4279 961 4349 “Herm
988 4281 1031 4343 sic
1056 4280 1190 4340 datmst'
1235 4284 1304 4344 Ter.

730 4413 754 4460 Ζ
