3084 5017
570 486 893 554 MENAECHMEI.

239 675 375 751 Omnes
400 680 438 752 in
464 690 501 754 te
524 682 621 757 istaee
642 685 801 760 recident
826 687 1065 763 eontumehae!

239 800 338 874 Faxo
359 801 457 878 haud
481 806 638 881 inultum
663 810 852 907 prandium
878 812 1085 888 comederis!

139 922 341 1013 MaQuid
365 928 431 1004 hee
455 935 576 1030 negoti
602 940 683 1009 est?
720 938 835 1023 satin’,
861 949 903 1012 ut
928 963 1103 1037 quemque
1128 944 1314 1040 conspicor,

237 1050 298 1125 Ita
321 1078 378 1127 me
402 1055 617 1132 ludificant?
659 1058 733 1135 Sed
758 1064 961 1161 concrepuit
985 1066 1125 1139 ostium.

611 1376 820 1389 Ἧ-

471 1575 578 1639 ΑΟΤ.
609 1575 679 1640 111.
727 1578 882 1643 SCENA
910 1579 979 1643 111.

405 1764 572 1814 Anulum.
607 1764 843 1815 MENAECHMUS
870 1766 1039 1817 soswhns.

133 1936 210 2009 AN.
231 1936 465 2024 Menaechme,
491 1941 685 2047 {wall
710 1952 747 2014 te
770 1939 925 2013 multum
953 1939 1132 2028 Erotium,
1254 1960 1310 2011 425

232 2062 292 2137 Ut
316 2063 382 2138 hoe
403 2090 500 2139 nune
524 2091 596 2140 uua
618 2090 721 2163 opera
744 2064 790 2138 ad
813 2065 988 2139 aurifieem
1015 2065 1161 2151 deferas,

232 2188 353 2285 Atque
378 2186 463 2262 huie
487 2199 529 2264 ut
554 2189 663 2263 addas
688 2190 764 2262 auri
790 2189 907 2286 pondo
932 2192 1084 2277 undam,

231 2312 435 2411 Jubeasque
458 2341 474 2387 s
499 2314 618 2420 inther
644 2316 883 2389 reconcinnari
908 2342 1045 2392 novom.

133 2438 219 2511 Ma.
231 2437 284 2512 Et
309 2439 402 2511 istuc
427 2450 464 2512 et
487 2438 597 2523 aliud,
622 2439 763 2536 siquid
789 2442 901 2513 curari
928 2441 1033 2530 volet,

231 2565 298 2639 Me
322 2578 525 2642 curaturum
548 2568 670 2653 dieite,
696 2568 872 2666 quidquid
897 2570 1004 2645 volet.
1254 2590 1311 2642 430

130 2694 214 2767 ΑΝ.
230 2692 335 2780 Sein’,
353 2693 447 2789 quod
463 2692 530 2768 hoe
546 2694 594 2767 sit
610 2693 800 2791 spinther?

166 2793 178 2805 ’
794 2818 880 2891 ΜΕ.
907 2818 1048 2904 Nescio,
1065 2821 1135 2895 nisi
1152 2847 1309 2898 aureum.

130 2945 214 3018 Au.
229 2942 312 3019 Hoc
334 2954 399 3031 est,
425 2942 520 3042 quod
543 2943 629 3017 alim
656 2943 854 3019 clanculum
882 2969 926 3018 ex
952 2946 1100 3018 armario

229 3070 286 3142 'l'e
311 3070 524 3167 subripuisse
548 3070 665 3142 aiebas
689 3070 792 3141 uxori
818 3079 899 3142 tuoe.
955 3048 960 3055 ’

187 3275 212 3305 v.
226 3258 280 3305 422.
305 3256 420 3315 Inuitum,
441 3256 527 3306 Grau:
543 3256 605 3316 conj.
624 3255 732 3312 lauhun
750 3255 812 3316 (Sed
828 3254 889 3303 illud
905 3254 978 3314 magis
992 3254 1154 3319 Plautinum.)
1184 3260 1309 3310 425-456.

126 3333 203 3381 lamb.
216 3331 290 3379 Trim.
317 3332 371 3380 427.
387 3331 497 3380 Poadod.
525 3332 578 3379 428.
595 3331 780 3387 Βιοωιοίηπαή,·
797 3329 832 3377 Ra
846 3328 871 3377 in
886 3327 1055 3387 compositione
1069 3329 1152 3391 porrigi
1167 3332 1227 3381 solet
1244 3335 1308 3393 apud

127 3410 241 3466 Veteres3
257 3406 288 3455 B.
316 3407 368 3455 429.
384 3406 457 3464 larue,
470 3407 535 3467 prior
546 3405 602 3465 syll.
615 3404 701 3463 corrip.
715 3403 807 3466 [Supra
817 3401 867 3465 lu]
897 3404 949 3451 4³1.
965 3403 1040 3460 Quod,
1054 3404 1133 3453 media
1144 3405 1229 3455 extrita
1242 3404 1309 3457 litera

125 3480 221 3542 (Qe’u)
232 3487 344 3539 pronunt.
353 3481 389 3530 B:
407 3480 479 3544 [Vid.
489 3482 566 3541 Supra
574 3480 614 3529 69.
629 3478 694 3527 Infra
704 3475 771 3539 465]

163 3648 230 3701 422.
271 3638 366 3697 Haud
397 3639 547 3720 inultum]
600 3639 691 3713 Quod
780 3637 846 3729 429.
888 3637 982 3718 Heu]
1024 3640 1093 3699 Scil.
1114 3640 1256 3718 spinther.

123 3738 214 3797 modo
232 3735 350 3795 dixerat
369 3757 396 3794 V·
411 3745 477 3805 374·
780 3760 846 3811 431.
887 3748 977 3819 Scin’,
999 3751 1074 3829 quod
1094 3750 1146 3809 boc
1165 3748 1203 3807 ait
1225 3749 1306 3828 apin·

163 3856 229 3908 423.
272 3846 397 3925 Setia'.]
431 3848 529 3927 Supra
543 3855 608 3907 100.
639 3845 690 3904 In·
740 3844 804 3903 ther
812 3844 849 3922 2]
874 3842 922 3901 Ita
934 3842 985 3913 ait,
1000 3844 1071 3922 quia
1085 3844 1134 3920 (ut
1149 3843 1306 3905 verisimile

122 3940 234 4019 tellige,
260 3940 378 4001 Satisne
400 3939 502 3999 mirum
527 3940 595 3999 aar?
623 3939 689 4015 (aut
738 3942 809 4017 est‚)
824 3937 960 4017 spinther
969 3938 1000 3996 in
1011 3960 1100 3999 manu
1111 3939 1306 3999 mirabundus

118 4036 179 4095 tale
201 4035 342 4114 aliquid.)
392 4035 485 4095 ‘Ian't
506 4035 530 4093 it
559 4045 688 4113 strange,
737 4032 788 4091 ille
814 4030 959 4099 versabat,
986 4042 1021 4089 ut
1044 4032 1126 4110 quod
1151 4052 1306 4113 nunquam

121 4132 186 4191 that
207 4152 240 4190 as
258 4150 331 4189 sure
353 4152 385 4189 as
408 4130 424 4187 I
449 4150 497 4189 see
518 4149 576 4207 any
596 4128 686 4207 body,
738 4137 806 4186 ante
827 4125 959 4195 vidisset,
982 4146 1037 4186 nec
1064 4128 1138 4206 quid
1163 4130 1202 4187 sit
1223 4130 1305 4191 istud

121 4246 154 4282 so
169 4224 272 4301 surely
289 4223 330 4282 do
348 4223 418 4301 they
439 4222 529 4299 begin
549 4232 580 4279 to
599 4222 686 4281 moelr
737 4222 872 4281 miraculi
894 4220 1027 4280 divinare
1051 4223 1112 4282 ullo
1135 4224 1224 4283 modo
1250 4247 1303 4304 po-

119 4342 166 4381 me
174 4324 197 4380 l’
738 4321 849 4379 tuisset.
